3200 4784
400 433 458 490 ua
483 385 891 500 Douears'ranura
916 407 1182 496 Hirrum
1257 433 1329 508 207

262 578 407 669 mittat,
440 587 483 648 ut
504 575 597 667 illie,
630 573 745 666 quiin
764 565 1030 665 ‘presentiarum
1054 585 1189 667 agunt,
1221 573 1333 665 atque

265 674 442 756 diuturnis
467 674 592 752 diebus
617 674 847 767 interpellare
867 689 947 744 non
966 672 1153 768 desinunt,
1188 673 1335 747 audien·¹
1377 678 1403 768 Ἰ

262 780 361 851 tibus
380 775 414 848 δι
431 794 555 850 coram
571 773 801 847 assistentibus
819 790 991 862 apparere
1009 770 1043 842 &
1058 771 1213 846 intimari
1225 773 1333 866 poffit
1400 773 1403 779 '

262 874 375 952 frusta
399 894 464 948 eos
486 872 678 947 (larisseno
702 869 887 964 Episcopo
909 869 1081 944 invidiam
1107 890 1331 964 comparare,

265 992 376 1066 atque
391 972 559 1048 adversua
574 993 656 1045 eum
672 971 857 1044 violenter
871 968 1052 1066 insurgere
1065 970 1229 1044 voluisse.
1246 1009 1250 1026 ·
1277 972 1334 1048 lta'

266 1076 364 1148 enim
383 1070 468 1166 siet,
500 1085 543 1145 ut
562 1071 711 1163 omissis,
743 1070 834 1143 sicut
850 1082 1025 1162 oportet,
1051 1069 1227 1161 ejusmodi
1243 1092 1335 1147 con-

266 1173 519 1263 tentionibus,
555 1171 712 1264 populus
737 1168 810 1243 fine
836 1163 1052 1264 dissentione
1087 1171 1203 1261 aliqua
1235 1170 1334 1247 Reli-

267 1276 368 1371 gioni
382 1273 537 1374 propriae
553 1292 635 1345 cum
653 1269 776 1344 debita
791 1270 1032 1344 veneratione
1050 1268 1238 1345 deserviat.

281 1445 1331 1546 emano

726 1597 870 1678 xvn.
1216 1561 1219 1567 ’

255 1781 258 1792 ·
334 1761 623 1856 aursuoua
643 1703 1061 1851 cousunuurm
1076 1764 1311 1854 mauu„

267 1915 753 2000 ADAEPISCOPOS
784 1915 1029 1992 PARTIS
1062 1917 1338 1998 DONATI

548 2058 762 2162 QCCCXV.
783 2059 882 2122 mense
900 2060 1049 2140 Augusto.

321 2202 379 2279 De
394 2173 624 2318 superomnia
654 2208 842 2380 Οιεσὶἐὶαἷιί,
876 2229 939 2302 qua
963 2167 1193 2304 accersendum*
1213 2234 1286 2286 eum

749 2331 781 2380 ec
795 2321 879 2380 urat.

271 2461 971 2643 ConstantinusnugustusEpiscopis.
995 2463 1095 2539 Ante
1111 2470 1338 2587 paucosqui¹
1396 2435 1400 2442 Ι

367 2564 448 2638 dem
475 2565 574 2656 drea,
597 2580 701 2654 Juxta
721 2563 939 2658 postulatum
955 2563 1133 2656 vestrum,
1160 2568 1339 2642 hocmrhr

269 2666 478 2757 placuerat,
504 2676 546 2735 ut
560 2663 604 2735 ad
619 2662 781 2736 Africam
794 2664 1091 2756 reverteremini,
1116 2678 1158 2738 ut
1173 2667 1248 2738 illic
1261 2688 1339 2740 om·

269 2764 327 2837 nis
341 2761 460 2853 causa,
484 2764 684 2852 quavobis
704 2760 873 2834 adversus
885 2760 1112 2837 Caecilianum
1126 2782 1337 2859 competere

271 2862 436 2950 videtur,
461 2863 505 2932 ab
522 2861 641 2931 amicis
659 2863 747 2934 meis
765 2881 857 2953 quos
877 2860 1075 2957 elegissem,
1099 2861 1339 2961 cognoscere-
1357 2877 1360 2888 “

272 2973 351 3045 tur,
372 2974 480 3050 atque
497 2955 605 3033 finem
621 2960 782 3048 debitum
796 2964 985 3055 reciperet.
1020 2963 1161 3038 Verum
1177 2964 1237 3037 diu
1250 2967 1351 3040 milris

273 3059 470 3155 cogitanti,
505 3058 590 3131 &in
614 3061 732 3134 animo
752 3081 836 3134 meo
855 3081 932 3133 non
948 3063 1129 3135 immerito
1144 3066 1338 3164 uoluenti,
1387 3073 1390 3078 '

272 3158 309 3230 id
325 3158 538 3249 potissimum
559 3159 643 3232 milti
661 3161 772 3234 visum
789 3158 862 3252 est,
890 3176 931 3233 ut
949 3163 1118 3251 quoniam
1138 3162 1212 3237 scio
1225 3187 1340 3257 squos-

273 3259 354 3332 dam
375 3279 422 3329 ex
445 3259 570 3332 vestris
596 3262 825 3335 turbulentos
848 3260 928 3332 satis
954 3260 1192 3337 &obstinato
1215 3269 1337 3341 animo

273 3355 409 3430 retium
423 3358 642 3449 judicium&
657 3363 805 3458 integra
819 3362 982 3432 veritatis
998 3363 1175 3437 rationem
1193 3365 1341 3440 minime

271 3455 472 3549 respicere,
506 3480 547 3532 ac
569 3479 634 3551 per
650 3462 725 3538 hoc
745 3462 871 3534 venire
890 3459 1064 3552 forsitan,
1098 3475 1140 3534 ut
1160 3462 1186 3535 si
1204 3464 1339 3546 ibidem
1364 3473 1367 3478 '

274 3555 536 3651 cognoscatur,
563 3579 638 3632 non
661 3576 702 3633 ut
722 3561 903 3633 condecet
924 3558 959 3629 u
983 3563 1143 3632 veritatis
1163 3564 1258 3635 ratio
1279 3585 1341 3636 ex-

273 3656 452 3750 postulat,
476 3677 535 3730 res
557 3656 665 3735 finem
691 3662 865 3754 accipiat,
892 3660 1147 3752 atquealiquid
1166 3663 1340 3740 taleeve-

273 3754 370 3846 niat,
402 3758 511 3830 nimia
532 3756 649 3834 vestra
673 3760 939 3850 obstinatione,
975 3759 1073 3850 quod
1091 3759 1125 3859 dt
1142 3759 1339 3836 Divinitati

276 3852 407 3927 coelesti
427 3854 631 3952 displiceat,
665 3861 699 3931 ἀ
718 3858 972 3931 existimationi
989 3879 1096 3952 meae,
1129 3878 1233 3952 quam
1250 3862 1340 3935 sem·

274 3971 339 4045 per
355 3956 538 4035 inlibatam
556 3961 665 4050 cupio
680 3957 1133 4053 perseverare‚plurimum
1152 3962 1338 4058 impediat,

271 4054 534 4154 plaeustmihi,
566 4058 657 4136 sicut
678 4058 775 4156 dixi,
802 4056 1095 4154 ut'crecilianus,
1117 4061 1220 4154 juxta
1220 4063 1341 4231 giu:

1162 4172 1221 4232 tra
1272 4192 1291 4219 κ
1378 4217 1385 4234 t
