<?xml version="1.0" encoding="UTF-8"?>
<!DOCTYPE html PUBLIC "-//W3C//DTD XHTML 1.0 Transitional//EN"
    "http://www.w3.org/TR/xhtml1/DTD/xhtml1-transitional.dtd">
<html xmlns="http://www.w3.org/1999/xhtml" xml:lang="en" lang="en">
 <head>
  <title>
</title>
<meta http-equiv="Content-Type" content="text/html;charset=utf-8" />
  <meta name='ocr-system' content='tesseract 3.04.00' />
  <meta name='ocr-capabilities' content='ocr_page ocr_carea ocr_par ocr_line ocrx_word'/>
</head>
<body>
  <div class='ocr_page' id='page_1' title='image "./operaomniasanct06librgoog_0623.png"; bbox 0 0 3200 4784; ppageno 0'>
   <div class='ocr_carea' id='block_1_1' title="bbox 237 384 1278 490">
    <p class='ocr_par' dir='ltr' id='par_1_1' title="bbox 237 384 1278 490">
     <span class='ocr_line' id='line_1_1' title="bbox 237 384 1278 490; baseline 0.005 -27"><span class='ocrx_word' id='word_1_1' title='bbox 237 395 245 452; x_wconf 84' lang='lat' dir='ltr'><strong>l</strong></span> <span class='ocrx_word' id='word_1_2' title='bbox 341 384 1120 471; x_wconf 71' lang='lat' dir='ltr'>oeDouarrs‘rrauruHmronra</span> <span class='ocrx_word' id='word_1_3' title='bbox 1194 397 1278 490; x_wconf 84' lang='lat'>591</span> 
     </span>
    </p>
   </div>
   <div class='ocr_carea' id='block_1_2' title="bbox 237 542 1355 4124">
    <p class='ocr_par' dir='ltr' id='par_1_2' title="bbox 237 542 1269 1445">
     <span class='ocr_line' id='line_1_2' title="bbox 237 542 1269 646; baseline 0 -19"><span class='ocrx_word' id='word_1_4' title='bbox 237 559 283 644; x_wconf 72' lang='lat' dir='ltr'>lm</span> <span class='ocrx_word' id='word_1_5' title='bbox 315 550 497 646; x_wconf 82' lang='lat' dir='ltr'>potuisse,</span> <span class='ocrx_word' id='word_1_6' title='bbox 539 562 581 621; x_wconf 89' lang='lat' dir='ltr'>ut</span> <span class='ocrx_word' id='word_1_7' title='bbox 609 550 671 621; x_wconf 87' lang='lat' dir='ltr'>ille</span> <span class='ocrx_word' id='word_1_8' title='bbox 695 542 870 620; x_wconf 90' lang='lat' dir='ltr'>Traditor</span> <span class='ocrx_word' id='word_1_9' title='bbox 895 547 1044 622; x_wconf 84' lang='lat' dir='ltr'>Straton</span> <span class='ocrx_word' id='word_1_10' title='bbox 1072 550 1269 645; x_wconf 82' lang='lat' dir='ltr'><strong>Presbyter</strong></span> 
     </span>
     <span class='ocr_line' id='line_1_3' title="bbox 237 647 1267 744; baseline 0.002 -20"><span class='ocrx_word' id='word_1_11' title='bbox 237 654 334 744; x_wconf 86' lang='lat' dir='ltr'>erit,</span> <span class='ocrx_word' id='word_1_12' title='bbox 361 651 425 724; x_wconf 88' lang='lat' dir='ltr'>iste</span> <span class='ocrx_word' id='word_1_13' title='bbox 445 666 563 723; x_wconf 87' lang='lat' dir='ltr'>autem</span> <span class='ocrx_word' id='word_1_14' title='bbox 585 650 671 721; x_wconf 85' lang='lat' dir='ltr'>alius</span> <span class='ocrx_word' id='word_1_15' title='bbox 690 647 840 720; x_wconf 86' lang='lat' dir='ltr'>Straton</span> <span class='ocrx_word' id='word_1_16' title='bbox 859 647 1069 731; x_wconf 89' lang='lat' dir='ltr'>Diaconus,</span> <span class='ocrx_word' id='word_1_17' title='bbox 1097 659 1267 743; x_wconf 89' lang='lat' dir='ltr'>quoniam</span> 
     </span>
     <span class='ocr_line' id='line_1_4' title="bbox 237 746 1267 842; baseline 0.004 -18"><span class='ocrx_word' id='word_1_18' title='bbox 237 750 400 827; x_wconf 76' lang='lat' dir='ltr'>onatistae</span> <span class='ocrx_word' id='word_1_19' title='bbox 418 751 602 840; x_wconf 84' lang='lat' dir='ltr'>dixerant,</span> <span class='ocrx_word' id='word_1_20' title='bbox 629 746 865 821; x_wconf 83' lang='lat' dir='ltr'>&amp;Diaconos</span> <span class='ocrx_word' id='word_1_21' title='bbox 884 746 1166 842; x_wconf 87' lang='lat' dir='ltr'>&amp;Presbyteros</span> <span class='ocrx_word' id='word_1_22' title='bbox 1182 755 1267 827; x_wconf 89' lang='lat' dir='ltr'>hor·</span> 
     </span>
     <span class='ocr_line' id='line_1_5' title="bbox 237 847 1265 945; baseline 0.001 -20.005"><span class='ocrx_word' id='word_1_23' title='bbox 237 874 341 926; x_wconf 87' lang='lat' dir='ltr'>ores</span> <span class='ocrx_word' id='word_1_24' title='bbox 359 852 543 925; x_wconf 81' lang='lat' dir='ltr'>vaniisrmae</span> <span class='ocrx_word' id='word_1_25' title='bbox 557 847 814 941; x_wconf 85' lang='lat' dir='ltr'>superstitionis</span> <span class='ocrx_word' id='word_1_26' title='bbox 834 870 852 920; x_wconf 91' lang='lat' dir='ltr'>a</span> <span class='ocrx_word' id='word_1_27' title='bbox 868 849 1059 942; x_wconf 78' lang='lat' dir='ltr'>gentilibus</span> <span class='ocrx_word' id='word_1_28' title='bbox 1076 856 1265 945; x_wconf 79' lang='lat' dir='ltr'>appellari3</span> 
     </span>
     <span class='ocr_line' id='line_1_6' title="bbox 237 947 1268 1044; baseline 0.002 -19"><span class='ocrx_word' id='word_1_29' title='bbox 237 948 745 1044; x_wconf 70' lang='lat' dir='ltr'>eamquamomnestlerrcos</span> <span class='ocrx_word' id='word_1_30' title='bbox 759 947 826 1020; x_wconf 79' lang='lat' dir='ltr'>asto</span> <span class='ocrx_word' id='word_1_31' title='bbox 840 949 1104 1023; x_wconf 81' lang='lat' dir='ltr'>contumelioso</span> <span class='ocrx_word' id='word_1_32' title='bbox 1117 975 1268 1027; x_wconf 86' lang='lat' dir='ltr'>nomme</span> 
     </span>
     <span class='ocr_line' id='line_1_7' title="bbox 237 1047 1266 1150; baseline 0.001 -26"><span class='ocrx_word' id='word_1_33' title='bbox 237 1054 353 1125; x_wconf 60' lang='lat' dir='ltr'>utiles</span> <span class='ocrx_word' id='word_1_34' title='bbox 368 1053 551 1150; x_wconf 81' lang='lat' dir='ltr'>appellare</span> <span class='ocrx_word' id='word_1_35' title='bbox 567 1048 777 1141; x_wconf 84' lang='lat' dir='ltr'>potuerint,</span> <span class='ocrx_word' id='word_1_36' title='bbox 797 1047 831 1117; x_wconf 76' lang='lat' dir='ltr'>u</span> <span class='ocrx_word' id='word_1_37' title='bbox 840 1050 962 1124; x_wconf 90' lang='lat' dir='ltr'>multo</span> <span class='ocrx_word' id='word_1_38' title='bbox 979 1049 1086 1121; x_wconf 86' lang='lat' dir='ltr'>esset</span> <span class='ocrx_word' id='word_1_39' title='bbox 1076 1056 1266 1147; x_wconf 77' lang='lat' dir='ltr'>incertius,</span> 
     </span>
     <span class='ocr_line' id='line_1_8' title="bbox 237 1145 1267 1247; baseline 0.001 -21"><span class='ocrx_word' id='word_1_40' title='bbox 237 1154 301 1226; x_wconf 81' lang='lat' dir='ltr'>ius</span> <span class='ocrx_word' id='word_1_41' title='bbox 324 1152 450 1247; x_wconf 84' lang='lat' dir='ltr'>gradus</span> <span class='ocrx_word' id='word_1_42' title='bbox 476 1149 636 1222; x_wconf 83' lang='lat' dir='ltr'><strong>Clericus</strong></span> <span class='ocrx_word' id='word_1_43' title='bbox 662 1148 722 1219; x_wconf 93' lang='lat' dir='ltr'>ille</span> <span class='ocrx_word' id='word_1_44' title='bbox 742 1145 779 1218; x_wconf 92' lang='lat' dir='ltr'><strong>T</strong></span> <span class='ocrx_word' id='word_1_45' title='bbox 780 1148 916 1218; x_wconf 88' lang='lat' dir='ltr'>radrtor</span> <span class='ocrx_word' id='word_1_46' title='bbox 939 1147 1047 1220; x_wconf 88' lang='lat' dir='ltr'>suerit</span> <span class='ocrx_word' id='word_1_47' title='bbox 1055 1148 1097 1246; x_wconf 91' lang='lat'>,)</span> <span class='ocrx_word' id='word_1_48' title='bbox 1122 1173 1267 1227; x_wconf 86' lang='lat' dir='ltr'>verum·</span> 
     </span>
     <span class='ocr_line' id='line_1_9' title="bbox 237 1245 1267 1346; baseline 0 -21"><span class='ocrx_word' id='word_1_49' title='bbox 237 1272 322 1325; x_wconf 86' lang='lat' dir='ltr'>nen</span> <span class='ocrx_word' id='word_1_50' title='bbox 352 1249 485 1323; x_wconf 80' lang='lat' dir='ltr'>etiamst</span> <span class='ocrx_word' id='word_1_51' title='bbox 515 1269 595 1319; x_wconf 89' lang='lat' dir='ltr'>eum</span> <span class='ocrx_word' id='word_1_52' title='bbox 617 1246 821 1319; x_wconf 78' lang='lat' dir='ltr'>uncorum</span> <span class='ocrx_word' id='word_1_53' title='bbox 847 1245 947 1320; x_wconf 80' lang='lat' dir='ltr'>fuisse</span> <span class='ocrx_word' id='word_1_54' title='bbox 970 1248 1086 1340; x_wconf 86' lang='lat' dir='ltr'>posset</span> <span class='ocrx_word' id='word_1_55' title='bbox 1111 1250 1267 1346; x_wconf 89' lang='lat' dir='ltr'>ostendi,</span> 
     </span>
     <span class='ocr_line' id='line_1_10' title="bbox 237 1344 1265 1452; baseline 0 -28"><span class='ocrx_word' id='word_1_56' title='bbox 237 1373 318 1443; x_wconf 68' lang='lat' dir='ltr'>:aue</span> <span class='ocrx_word' id='word_1_57' title='bbox 333 1349 405 1422; x_wconf 93' lang='lat' dir='ltr'>hoc</span> <span class='ocrx_word' id='word_1_58' title='bbox 421 1347 490 1422; x_wconf 81' lang='lat' dir='ltr'>eise</span> <span class='ocrx_word' id='word_1_59' title='bbox 511 1344 720 1419; x_wconf 86' lang='lat' dir='ltr'><strong>incredibile</strong></span> <span class='ocrx_word' id='word_1_60' title='bbox 736 1361 797 1418; x_wconf 86' lang='lat' dir='ltr'>aut</span> <span class='ocrx_word' id='word_1_61' title='bbox 813 1348 959 1452; x_wconf 85' lang='lat' dir='ltr'>mirum,</span> <span class='ocrx_word' id='word_1_62' title='bbox 986 1369 1066 1423; x_wconf 90' lang='lat' dir='ltr'>cum</span> <span class='ocrx_word' id='word_1_63' title='bbox 1086 1364 1170 1423; x_wconf 91' lang='lat' dir='ltr'>ante</span> <span class='ocrx_word' id='word_1_64' title='bbox 1187 1372 1265 1445; x_wconf 89' lang='lat' dir='ltr'>par·</span> 
     </span>
    </p>

    <p class='ocr_par' dir='ltr' id='par_1_3' title="bbox 237 1441 1266 1641">
     <span class='ocr_line' id='line_1_11' title="bbox 237 1441 1266 1541; baseline -0.001 -15"><span class='ocrx_word' id='word_1_65' title='bbox 237 1473 287 1526; x_wconf 76' lang='grc' dir='ltr'>ιη</span> <span class='ocrx_word' id='word_1_66' title='bbox 315 1465 456 1541; x_wconf 81' lang='lat' dir='ltr'>tempus</span> <span class='ocrx_word' id='word_1_67' title='bbox 485 1448 521 1520; x_wconf 92' lang='lat' dir='ltr'>in</span> <span class='ocrx_word' id='word_1_68' title='bbox 545 1445 616 1539; x_wconf 88' lang='lat' dir='ltr'>ipsa</span> <span class='ocrx_word' id='word_1_69' title='bbox 638 1446 727 1517; x_wconf 88' lang='lat' dir='ltr'>urbe</span> <span class='ocrx_word' id='word_1_70' title='bbox 744 1441 862 1519; x_wconf 87' lang='lat' dir='ltr'>Roma</span> <span class='ocrx_word' id='word_1_71' title='bbox 889 1446 961 1518; x_wconf 90' lang='lat' dir='ltr'>duo</span> <span class='ocrx_word' id='word_1_72' title='bbox 985 1446 1081 1520; x_wconf 92' lang='lat' dir='ltr'>Petri</span> <span class='ocrx_word' id='word_1_73' title='bbox 1108 1447 1266 1525; x_wconf 91' lang='lat' dir='ltr'>Diaconi</span> 
     </span>
     <span class='ocr_line' id='line_1_12' title="bbox 237 1529 1264 1642; baseline 0.004 -22.092"><span class='ocrx_word' id='word_1_74' title='bbox 237 1551 344 1622; x_wconf 78' lang='lat' dir='ltr'>„rint</span> <span class='ocrx_word' id='word_1_75' title='bbox 399 1548 490 1620; x_wconf 91' lang='lat' dir='ltr'>illud</span> <span class='ocrx_word' id='word_1_76' title='bbox 505 1547 649 1642; x_wconf 75' lang='lat' dir='ltr'>quoque</span> <span class='ocrx_word' id='word_1_77' title='bbox 665 1544 823 1617; x_wconf 88' lang='lat' dir='ltr'>additum</span> <span class='ocrx_word' id='word_1_78' title='bbox 838 1542 891 1617; x_wconf 87' lang='lat' dir='ltr'>est</span> <span class='ocrx_word' id='word_1_79' title='bbox 906 1567 925 1617; x_wconf 89' lang='lat' dir='ltr'>a</span> <span class='ocrx_word' id='word_1_80' title='bbox 941 1529 1167 1641; x_wconf 85' lang='lat' dir='ltr'><strong>Catholicis,</strong></span> <span class='ocrx_word' id='word_1_81' title='bbox 1181 1554 1264 1641; x_wconf 86' lang='lat' dir='ltr'>quia</span> 
     </span>
    </p>

    <p class='ocr_par' dir='ltr' id='par_1_4' title="bbox 237 1644 1289 2035">
     <span class='ocr_line' id='line_1_13' title="bbox 237 1644 1289 1735; baseline 0.001 -13.006"><span class='ocrx_word' id='word_1_82' title='bbox 237 1647 262 1722; x_wconf 75' lang='grc' dir='ltr'>ἶ</span> <span class='ocrx_word' id='word_1_83' title='bbox 279 1647 617 1726; x_wconf 82' lang='lat' dir='ltr'>demonstraretur,</span> <span class='ocrx_word' id='word_1_84' title='bbox 652 1644 750 1735; x_wconf 90' lang='lat' dir='ltr'>quod</span> <span class='ocrx_word' id='word_1_85' title='bbox 775 1648 924 1717; x_wconf 90' lang='lat' dir='ltr'>omnino</span> <span class='ocrx_word' id='word_1_86' title='bbox 947 1666 1024 1718; x_wconf 90' lang='lat' dir='ltr'>non</span> <span class='ocrx_word' id='word_1_87' title='bbox 1048 1648 1267 1723; x_wconf 86' lang='lat' dir='ltr'>demonstra·</span> <span class='ocrx_word' id='word_1_88' title='bbox 1287 1697 1289 1702; x_wconf 81' lang='lat'><em>.</em></span> 
     </span>
     <span class='ocr_line' id='line_1_14' title="bbox 237 1742 1265 1840; baseline 0.005 -21"><span class='ocrx_word' id='word_1_89' title='bbox 237 1759 327 1839; x_wconf 81' lang='lat' dir='ltr'>tur,</span> <span class='ocrx_word' id='word_1_90' title='bbox 344 1747 496 1822; x_wconf 86' lang='lat' dir='ltr'>eundem</span> <span class='ocrx_word' id='word_1_91' title='bbox 511 1745 716 1818; x_wconf 84' lang='lat' dir='ltr'>Stratonem</span> <span class='ocrx_word' id='word_1_92' title='bbox 728 1742 933 1817; x_wconf 78' lang='lat' dir='ltr'><strong>Diaconum</strong></span> <span class='ocrx_word' id='word_1_93' title='bbox 950 1745 1140 1840; x_wconf 79' lang='lat' dir='ltr'>tradidisse,</span> <span class='ocrx_word' id='word_1_94' title='bbox 1159 1759 1265 1839; x_wconf 88' lang='lat' dir='ltr'>quem</span> 
     </span>
     <span class='ocr_line' id='line_1_15' title="bbox 237 1843 1265 1935; baseline 0.003 -15"><span class='ocrx_word' id='word_1_95' title='bbox 237 1843 325 1920; x_wconf 76' lang='lat' dir='ltr'>›stea</span> <span class='ocrx_word' id='word_1_96' title='bbox 349 1845 571 1918; x_wconf 86' lang='lat' dir='ltr'>Melchiades</span> <span class='ocrx_word' id='word_1_97' title='bbox 607 1845 652 1916; x_wconf 89' lang='lat' dir='ltr'>ad</span> <span class='ocrx_word' id='word_1_98' title='bbox 682 1844 887 1935; x_wconf 89' lang='lat' dir='ltr'>recipienda</span> <span class='ocrx_word' id='word_1_99' title='bbox 912 1845 994 1916; x_wconf 92' lang='lat' dir='ltr'>ioca</span> <span class='ocrx_word' id='word_1_100' title='bbox 1020 1845 1265 1923; x_wconf 69' lang='lat' dir='ltr'>Ecclesiastico</span> 
     </span>
     <span class='ocr_line' id='line_1_16' title="bbox 237 1944 1263 2035; baseline 0.005 -16.015"><span class='ocrx_word' id='word_1_101' title='bbox 237 1969 281 2019; x_wconf 89' lang='lat' dir='ltr'>m</span> <span class='ocrx_word' id='word_1_102' title='bbox 302 1946 376 2018; x_wconf 91' lang='lat' dir='ltr'>aliis</span> <span class='ocrx_word' id='word_1_103' title='bbox 400 1945 573 2017; x_wconf 89' lang='lat' dir='ltr'>Diacouis</span> <span class='ocrx_word' id='word_1_104' title='bbox 590 1944 702 2035; x_wconf 82' lang='lat' dir='ltr'>misit,</span> <span class='ocrx_word' id='word_1_105' title='bbox 734 1963 809 2015; x_wconf 91' lang='lat' dir='ltr'>non</span> <span class='ocrx_word' id='word_1_106' title='bbox 828 1945 1006 2016; x_wconf 90' lang='lat' dir='ltr'>continuo</span> <span class='ocrx_word' id='word_1_107' title='bbox 1020 1945 1263 2024; x_wconf 89' lang='lat' dir='ltr'>Melchiadem</span> 
     </span>
    </p>

    <p class='ocr_par' dir='ltr' id='par_1_5' title="bbox 237 2042 1339 3127">
     <span class='ocr_line' id='line_1_17' title="bbox 237 2042 1264 2157; baseline 0.004 -40"><span class='ocrx_word' id='word_1_108' title='bbox 237 2068 264 2117; x_wconf 93' lang='lat' dir='ltr'>o</span> <span class='ocrx_word' id='word_1_109' title='bbox 292 2046 442 2118; x_wconf 89' lang='lat' dir='ltr'>crimine</span> <span class='ocrx_word' id='word_1_110' title='bbox 468 2042 623 2138; x_wconf 86' lang='lat' dir='ltr'>aspergi,</span> <span class='ocrx_word' id='word_1_111' title='bbox 650 2064 763 2133; x_wconf 90' lang='lat' dir='ltr'>quem</span> <span class='ocrx_word' id='word_1_112' title='bbox 784 2043 907 2157; x_wconf 80' lang='lat' dir='ltr'>potuit</span> <span class='ocrx_word' id='word_1_113' title='bbox 926 2044 1141 2137; x_wconf 90' lang='lat' dir='ltr'>persecutio</span> <span class='ocrx_word' id='word_1_114' title='bbox 1153 2050 1264 2144; x_wconf 88' lang='lat' dir='ltr'>longe</span> 
     </span>
     <span class='ocr_line' id='line_1_18' title="bbox 237 2142 1338 2260; baseline 0.006 -45"><span class='ocrx_word' id='word_1_115' title='bbox 237 2166 320 2215; x_wconf 90' lang='lat' dir='ltr'>cere</span> <span class='ocrx_word' id='word_1_116' title='bbox 345 2142 546 2233; x_wconf 85' lang='lat' dir='ltr'>absentem,</span> <span class='ocrx_word' id='word_1_117' title='bbox 573 2156 614 2215; x_wconf 90' lang='lat' dir='ltr'>ut</span> <span class='ocrx_word' id='word_1_118' title='bbox 636 2142 709 2216; x_wconf 90' lang='lat' dir='ltr'>hoc</span> <span class='ocrx_word' id='word_1_119' title='bbox 736 2143 884 2214; x_wconf 89' lang='lat' dir='ltr'>omnino</span> <span class='ocrx_word' id='word_1_120' title='bbox 906 2142 1082 2260; x_wconf 77' lang='lat' dir='ltr'>nesciret,</span> <span class='ocrx_word' id='word_1_121' title='bbox 1110 2168 1265 2237; x_wconf 88' lang='lat' dir='ltr'>eumque</span> <span class='ocrx_word' id='word_1_122' title='bbox 1336 2217 1338 2222; x_wconf 83' lang='lat'><em>.</em></span> 
     </span>
     <span class='ocr_line' id='line_1_19' title="bbox 239 2246 1265 2334; baseline 0.006 -21"><span class='ocrx_word' id='word_1_123' title='bbox 239 2257 434 2316; x_wconf 87' lang='lat' dir='ltr'>nocentem</span> <span class='ocrx_word' id='word_1_124' title='bbox 460 2259 632 2334; x_wconf 84' lang='lat' dir='ltr'>putaret,</span> <span class='ocrx_word' id='word_1_125' title='bbox 668 2262 772 2333; x_wconf 89' lang='lat' dir='ltr'>quem</span> <span class='ocrx_word' id='word_1_126' title='bbox 800 2261 909 2326; x_wconf 89' lang='lat' dir='ltr'>nemo</span> <span class='ocrx_word' id='word_1_127' title='bbox 936 2264 1036 2323; x_wconf 87' lang='lat' dir='ltr'>reum</span> <span class='ocrx_word' id='word_1_128' title='bbox 1063 2246 1265 2319; x_wconf 84' lang='lat' dir='ltr'>accusando</span> 
     </span>
     <span class='ocr_line' id='line_1_20' title="bbox 237 2340 1266 2438; baseline 0.003 -23"><span class='ocrx_word' id='word_1_129' title='bbox 237 2342 424 2417; x_wconf 80' lang='lat' dir='ltr'>uolitaret.</span> <span class='ocrx_word' id='word_1_130' title='bbox 476 2340 613 2438; x_wconf 86' lang='lat' dir='ltr'>Contra</span> <span class='ocrx_word' id='word_1_131' title='bbox 628 2344 687 2416; x_wconf 89' lang='lat' dir='ltr'>hie</span> <span class='ocrx_word' id='word_1_132' title='bbox 703 2340 829 2414; x_wconf 85' lang='lat' dir='ltr'>frustra</span> <span class='ocrx_word' id='word_1_133' title='bbox 846 2342 1042 2413; x_wconf 83' lang='lat' dir='ltr'>Donatistae</span> <span class='ocrx_word' id='word_1_134' title='bbox 1060 2345 1182 2415; x_wconf 89' lang='lat' dir='ltr'>eadem</span> <span class='ocrx_word' id='word_1_135' title='bbox 1199 2364 1266 2435; x_wconf 90' lang='lat' dir='ltr'>per</span> 
     </span>
     <span class='ocr_line' id='line_1_21' title="bbox 237 2440 1263 2518; baseline 0.005 -5.024"><span class='ocrx_word' id='word_1_136' title='bbox 237 2442 322 2515; x_wconf 90' lang='lat' dir='ltr'>dem</span> <span class='ocrx_word' id='word_1_137' title='bbox 337 2441 461 2518; x_wconf 83' lang='lat' dir='ltr'>druttls</span> <span class='ocrx_word' id='word_1_138' title='bbox 465 2464 521 2515; x_wconf 89' lang='lat' dir='ltr'>me</span> <span class='ocrx_word' id='word_1_139' title='bbox 535 2443 792 2515; x_wconf 88' lang='lat' dir='ltr'>clamaverunt</span> <span class='ocrx_word' id='word_1_140' title='bbox 840 2440 1167 2515; x_wconf 90' lang='lat' dir='ltr'>Postcoiiatronem</span> <span class='ocrx_word' id='word_1_141' title='bbox 1180 2443 1263 2518; x_wconf 84' lang='lat' dir='ltr'>sane</span> 
     </span>
     <span class='ocr_line' id='line_1_22' title="bbox 237 2527 1263 2633; baseline 0.002 -20"><span class='ocrx_word' id='word_1_142' title='bbox 237 2544 305 2613; x_wconf 93' lang='lat' dir='ltr'>iam</span> <span class='ocrx_word' id='word_1_143' title='bbox 332 2544 376 2614; x_wconf 92' lang='lat' dir='ltr'>de</span> <span class='ocrx_word' id='word_1_144' title='bbox 402 2541 563 2613; x_wconf 81' lang='lat' dir='ltr'>Caiirano</span> <span class='ocrx_word' id='word_1_145' title='bbox 589 2539 785 2612; x_wconf 88' lang='lat' dir='ltr'>Melchiadi</span> <span class='ocrx_word' id='word_1_146' title='bbox 812 2539 1017 2610; x_wconf 89' lang='lat' dir='ltr'>calumniati</span> <span class='ocrx_word' id='word_1_147' title='bbox 1043 2538 1144 2630; x_wconf 91' lang='lat' dir='ltr'>sunt,</span> <span class='ocrx_word' id='word_1_148' title='bbox 1181 2527 1263 2633; x_wconf 75' lang='lat' dir='ltr'>qui’a</span> 
     </span>
     <span class='ocr_line' id='line_1_23' title="bbox 237 2638 1264 2729; baseline 0.006 -20"><span class='ocrx_word' id='word_1_149' title='bbox 237 2643 307 2712; x_wconf 91' lang='lat' dir='ltr'>iam</span> <span class='ocrx_word' id='word_1_150' title='bbox 327 2641 400 2711; x_wconf 93' lang='lat' dir='ltr'>hoc</span> <span class='ocrx_word' id='word_1_151' title='bbox 415 2659 549 2709; x_wconf 89' lang='lat' dir='ltr'>nomen</span> <span class='ocrx_word' id='word_1_152' title='bbox 570 2638 630 2707; x_wconf 88' lang='lat'>&amp;</span> <span class='ocrx_word' id='word_1_153' title='bbox 621 2659 658 2709; x_wconf 91' lang='lat' dir='ltr'>m</span> <span class='ocrx_word' id='word_1_154' title='bbox 679 2638 880 2710; x_wconf 89' lang='lat' dir='ltr'>Diaconis</span> <span class='ocrx_word' id='word_1_155' title='bbox 871 2641 1078 2726; x_wconf 82' lang='lat' dir='ltr'>invenitur,</span> <span class='ocrx_word' id='word_1_156' title='bbox 1105 2661 1196 2729; x_wconf 89' lang='lat' dir='ltr'>quos</span> <span class='ocrx_word' id='word_1_157' title='bbox 1219 2641 1264 2715; x_wconf 89' lang='lat' dir='ltr'>ad</span> 
     </span>
     <span class='ocr_line' id='line_1_24' title="bbox 237 2735 1300 2834; baseline 0.007 -27"><span class='ocrx_word' id='word_1_158' title='bbox 237 2735 403 2810; x_wconf 71' lang='lat' dir='ltr'>’aeiedium</span> <span class='ocrx_word' id='word_1_159' title='bbox 429 2736 519 2808; x_wconf 86' lang='lat' dir='ltr'>misrt</span> <span class='ocrx_word' id='word_1_160' title='bbox 546 2737 792 2826; x_wconf 86' lang='lat' dir='ltr'>Melchiades,</span> <span class='ocrx_word' id='word_1_161' title='bbox 827 2736 920 2808; x_wconf 85' lang='lat' dir='ltr'>&amp;in</span> <span class='ocrx_word' id='word_1_162' title='bbox 945 2737 1013 2809; x_wconf 86' lang='lat' dir='ltr'><strong>illis</strong></span> <span class='ocrx_word' id='word_1_163' title='bbox 1039 2738 1167 2831; x_wconf 86' lang='lat' dir='ltr'>gestis,</span> <span class='ocrx_word' id='word_1_164' title='bbox 1201 2742 1264 2814; x_wconf 90' lang='lat' dir='ltr'>ubi</span> <span class='ocrx_word' id='word_1_165' title='bbox 1296 2825 1300 2834; x_wconf 20' lang='grc'>1</span> 
     </span>
     <span class='ocr_line' id='line_1_25' title="bbox 237 2834 1339 2940; baseline 0.006 -34"><span class='ocrx_word' id='word_1_166' title='bbox 237 2834 290 2906; x_wconf 74' lang='lat' dir='ltr'>tia</span> <span class='ocrx_word' id='word_1_167' title='bbox 315 2835 463 2907; x_wconf 88' lang='lat' dir='ltr'>traditio</span> <span class='ocrx_word' id='word_1_168' title='bbox 482 2837 632 2907; x_wconf 89' lang='lat' dir='ltr'>recitata</span> <span class='ocrx_word' id='word_1_169' title='bbox 648 2835 709 2909; x_wconf 89' lang='lat' dir='ltr'>est.</span> <span class='ocrx_word' id='word_1_170' title='bbox 762 2835 915 2933; x_wconf 82' lang='lat' dir='ltr'>Quodsi</span> <span class='ocrx_word' id='word_1_171' title='bbox 935 2837 972 2909; x_wconf 89' lang='lat' dir='ltr'>in</span> <span class='ocrx_word' id='word_1_172' title='bbox 991 2839 1190 2912; x_wconf 88' lang='lat' dir='ltr'>collatione</span> <span class='ocrx_word' id='word_1_173' title='bbox 1214 2841 1264 2913; x_wconf 92' lang='lat' dir='ltr'>di·</span> <span class='ocrx_word' id='word_1_174' title='bbox 1336 2929 1339 2940; x_wconf 28' lang='grc' dir='ltr'>ι</span> 
     </span>
     <span class='ocr_line' id='line_1_26' title="bbox 237 2932 1262 3029; baseline 0.011 -27"><span class='ocrx_word' id='word_1_175' title='bbox 237 2949 339 3024; x_wconf 76' lang='lat' dir='ltr'>rent,</span> <span class='ocrx_word' id='word_1_176' title='bbox 354 2933 460 3006; x_wconf 90' lang='lat' dir='ltr'>facile</span> <span class='ocrx_word' id='word_1_177' title='bbox 474 2938 595 3027; x_wconf 90' lang='lat' dir='ltr'>potuit</span> <span class='ocrx_word' id='word_1_178' title='bbox 608 2957 626 3006; x_wconf 93' lang='lat' dir='ltr'>a</span> <span class='ocrx_word' id='word_1_179' title='bbox 639 2934 840 3012; x_wconf 87' lang='lat' dir='ltr'>Catholicis.</span> <span class='ocrx_word' id='word_1_180' title='bbox 853 2932 1082 3029; x_wconf 81' lang='lat' dir='ltr'>responderi,</span> <span class='ocrx_word' id='word_1_181' title='bbox 1109 2940 1144 3009; x_wconf 93' lang='lat' dir='ltr'>in</span> <span class='ocrx_word' id='word_1_182' title='bbox 1161 2953 1262 3013; x_wconf 78' lang='lat' dir='ltr'>tanta</span> 
     </span>
     <span class='ocr_line' id='line_1_27' title="bbox 238 3032 1262 3127; baseline 0.008 -23"><span class='ocrx_word' id='word_1_183' title='bbox 238 3038 302 3106; x_wconf 87' lang='lat' dir='ltr'>rba</span> <span class='ocrx_word' id='word_1_184' title='bbox 322 3035 566 3107; x_wconf 90' lang='lat' dir='ltr'>Romanorum</span> <span class='ocrx_word' id='word_1_185' title='bbox 587 3032 811 3108; x_wconf 90' lang='lat' dir='ltr'>Ciericorum</span> <span class='ocrx_word' id='word_1_186' title='bbox 829 3036 917 3109; x_wconf 87' lang='lat' dir='ltr'><strong>nihil</strong></span> <span class='ocrx_word' id='word_1_187' title='bbox 937 3038 1063 3108; x_wconf 88' lang='lat' dir='ltr'>mirum</span> <span class='ocrx_word' id='word_1_188' title='bbox 1087 3034 1209 3127; x_wconf 85' lang='lat' dir='ltr'>fuisse,</span> <span class='ocrx_word' id='word_1_189' title='bbox 1234 3036 1262 3112; x_wconf 84' lang='lat' dir='ltr'><strong>fi</strong></span> 
     </span>
    </p>

    <p class='ocr_par' dir='ltr' id='par_1_6' title="bbox 237 3132 1265 3431">
     <span class='ocr_line' id='line_1_28' title="bbox 237 3132 1265 3226; baseline 0.006 -21"><span class='ocrx_word' id='word_1_190' title='bbox 237 3154 273 3205; x_wconf 91' lang='grc' dir='ltr'>ιο</span> <span class='ocrx_word' id='word_1_191' title='bbox 295 3136 355 3205; x_wconf 91' lang='lat' dir='ltr'>vel</span> <span class='ocrx_word' id='word_1_192' title='bbox 378 3136 497 3226; x_wconf 87' lang='lat' dir='ltr'>plures</span> <span class='ocrx_word' id='word_1_193' title='bbox 523 3154 600 3205; x_wconf 92' lang='lat' dir='ltr'>non</span> <span class='ocrx_word' id='word_1_194' title='bbox 622 3132 735 3206; x_wconf 93' lang='lat' dir='ltr'>solum</span> <span class='ocrx_word' id='word_1_195' title='bbox 751 3134 957 3225; x_wconf 79' lang='lat' dir='ltr'>stratones,</span> <span class='ocrx_word' id='word_1_196' title='bbox 984 3133 1042 3206; x_wconf 93' lang='lat' dir='ltr'>sed</span> <span class='ocrx_word' id='word_1_197' title='bbox 1061 3137 1166 3209; x_wconf 89' lang='lat' dir='ltr'>etiam</span> <span class='ocrx_word' id='word_1_198' title='bbox 1184 3132 1265 3211; x_wconf 88' lang='lat' dir='ltr'>Cas·</span> 
     </span>
     <span class='ocr_line' id='line_1_29' title="bbox 237 3232 1263 3327; baseline 0.008 -23"><span class='ocrx_word' id='word_1_199' title='bbox 237 3234 282 3304; x_wconf 90' lang='lat' dir='ltr'>mi</span> <span class='ocrx_word' id='word_1_200' title='bbox 306 3234 571 3327; x_wconf 78' lang='lat' dir='ltr'>reperirentur,</span> <span class='ocrx_word' id='word_1_201' title='bbox 599 3254 679 3306; x_wconf 88' lang='lat' dir='ltr'>cum</span> <span class='ocrx_word' id='word_1_202' title='bbox 702 3232 738 3307; x_wconf 90' lang='lat' dir='ltr'>in</span> <span class='ocrx_word' id='word_1_203' title='bbox 760 3234 951 3307; x_wconf 85' lang='lat' dir='ltr'>duodecim</span> <span class='ocrx_word' id='word_1_204' title='bbox 971 3232 1160 3326; x_wconf 80' lang='lat' dir='ltr'>Apostolis</span> <span class='ocrx_word' id='word_1_205' title='bbox 1183 3258 1263 3313; x_wconf 87' lang='lat' dir='ltr'>non</span> 
     </span>
     <span class='ocr_line' id='line_1_30' title="bbox 240 3330 1263 3431; baseline 0.009 -29"><span class='ocrx_word' id='word_1_206' title='bbox 240 3332 312 3405; x_wconf 88' lang='lat' dir='ltr'>lum</span> <span class='ocrx_word' id='word_1_207' title='bbox 342 3334 414 3404; x_wconf 89' lang='lat' dir='ltr'>duo</span> <span class='ocrx_word' id='word_1_208' title='bbox 443 3333 569 3425; x_wconf 85' lang='lat' dir='ltr'>Judae,</span> <span class='ocrx_word' id='word_1_209' title='bbox 609 3330 667 3404; x_wconf 92' lang='lat' dir='ltr'>sed</span> <span class='ocrx_word' id='word_1_210' title='bbox 699 3333 807 3407; x_wconf 90' lang='lat' dir='ltr'>etiam</span> <span class='ocrx_word' id='word_1_211' title='bbox 833 3333 907 3404; x_wconf 89' lang='lat' dir='ltr'>duo</span> <span class='ocrx_word' id='word_1_212' title='bbox 934 3332 1062 3427; x_wconf 89' lang='lat' dir='ltr'>Jacobi</span> <span class='ocrx_word' id='word_1_213' title='bbox 1099 3335 1263 3431; x_wconf 85' lang='lat' dir='ltr'>legeren-</span> 
     </span>
    </p>

    <p class='ocr_par' dir='ltr' id='par_1_7' title="bbox 240 3430 1261 3523">
     <span class='ocr_line' id='line_1_31' title="bbox 240 3430 1261 3523; baseline 0.008 -24"><span class='ocrx_word' id='word_1_214' title='bbox 240 3449 276 3521; x_wconf 92' lang='lat' dir='ltr'>r,</span> <span class='ocrx_word' id='word_1_215' title='bbox 303 3431 365 3503; x_wconf 86' lang='lat' dir='ltr'>nisr</span> <span class='ocrx_word' id='word_1_216' title='bbox 381 3431 478 3503; x_wconf 83' lang='lat' dir='ltr'>forte</span> <span class='ocrx_word' id='word_1_217' title='bbox 490 3430 570 3523; x_wconf 81' lang='lat' dir='ltr'>ipsis</span> <span class='ocrx_word' id='word_1_218' title='bbox 585 3430 734 3505; x_wconf 84' lang='lat' dir='ltr'>licuisset</span> <span class='ocrx_word' id='word_1_219' title='bbox 745 3431 931 3506; x_wconf 86' lang='lat' dir='ltr'>Donatum</span> <span class='ocrx_word' id='word_1_220' title='bbox 949 3430 1132 3505; x_wconf 88' lang='lat' dir='ltr'>Casensem</span> <span class='ocrx_word' id='word_1_221' title='bbox 1149 3435 1261 3507; x_wconf 88' lang='lat' dir='ltr'>aDo·</span> 
     </span>
    </p>

    <p class='ocr_par' dir='ltr' id='par_1_8' title="bbox 237 3527 1261 3726">
     <span class='ocr_line' id='line_1_32' title="bbox 237 3527 1260 3625; baseline 0.01 -26.069"><span class='ocrx_word' id='word_1_222' title='bbox 237 3543 284 3600; x_wconf 89' lang='lat' dir='ltr'>to</span> <span class='ocrx_word' id='word_1_223' title='bbox 309 3527 411 3601; x_wconf 89' lang='lat' dir='ltr'>Cart</span> <span class='ocrx_word' id='word_1_224' title='bbox 396 3531 572 3624; x_wconf 81' lang='lat' dir='ltr'>raginensr</span> <span class='ocrx_word' id='word_1_225' title='bbox 600 3529 840 3625; x_wconf 83' lang='lat' dir='ltr'>distinguere,</span> <span class='ocrx_word' id='word_1_226' title='bbox 874 3550 955 3603; x_wconf 89' lang='lat' dir='ltr'>cum</span> <span class='ocrx_word' id='word_1_227' title='bbox 980 3532 1175 3622; x_wconf 87' lang='lat' dir='ltr'>timerent,</span> <span class='ocrx_word' id='word_1_228' title='bbox 1211 3554 1260 3609; x_wconf 86' lang='lat' dir='ltr'>ne</span> 
     </span>
     <span class='ocr_line' id='line_1_33' title="bbox 237 3627 1261 3726; baseline 0.006 -26"><span class='ocrx_word' id='word_1_229' title='bbox 237 3631 311 3721; x_wconf 90' lang='lat' dir='ltr'>ajor</span> <span class='ocrx_word' id='word_1_230' title='bbox 327 3628 450 3701; x_wconf 69' lang='lat' dir='ltr'>audior</span> <span class='ocrx_word' id='word_1_231' title='bbox 463 3627 617 3720; x_wconf 87' lang='lat' dir='ltr'>ipsorum</span> <span class='ocrx_word' id='word_1_232' title='bbox 634 3630 801 3703; x_wconf 86' lang='lat' dir='ltr'>Donatus</span> <span class='ocrx_word' id='word_1_233' title='bbox 819 3629 1102 3726; x_wconf 78' lang='lat' dir='ltr'>carthaginensis</span> <span class='ocrx_word' id='word_1_234' title='bbox 1119 3633 1261 3706; x_wconf 80' lang='lat' dir='ltr'>damna·</span> 
     </span>
    </p>

    <p class='ocr_par' dir='ltr' id='par_1_9' title="bbox 237 3727 1355 4124">
     <span class='ocr_line' id='line_1_34' title="bbox 237 3727 1259 3823; baseline 0.009 -24"><span class='ocrx_word' id='word_1_235' title='bbox 237 3749 253 3799; x_wconf 86' lang='lat' dir='ltr'><strong>s</strong></span> <span class='ocrx_word' id='word_1_236' title='bbox 269 3729 306 3801; x_wconf 89' lang='lat' dir='ltr'>in</span> <span class='ocrx_word' id='word_1_237' title='bbox 317 3727 533 3802; x_wconf 87' lang='lat' dir='ltr'>Melchiadis</span> <span class='ocrx_word' id='word_1_238' title='bbox 545 3730 682 3819; x_wconf 87' lang='lat' dir='ltr'>judicio</span> <span class='ocrx_word' id='word_1_239' title='bbox 700 3745 900 3823; x_wconf 88' lang='lat' dir='ltr'>putaretur,</span> <span class='ocrx_word' id='word_1_240' title='bbox 921 3729 1162 3802; x_wconf 86' lang='lat' dir='ltr'>&amp;Catholicis</span> <span class='ocrx_word' id='word_1_241' title='bbox 1179 3751 1259 3808; x_wconf 89' lang='lat' dir='ltr'>non</span> 
     </span>
     <span class='ocr_line' id='line_1_35' title="bbox 237 3829 1259 3908; baseline 0.013 -13.103"><span class='ocrx_word' id='word_1_242' title='bbox 237 3842 322 3899; x_wconf 84' lang='lat' dir='ltr'>:eret</span> <span class='ocrx_word' id='word_1_243' title='bbox 342 3829 379 3901; x_wconf 89' lang='lat' dir='ltr'>in</span> <span class='ocrx_word' id='word_1_244' title='bbox 400 3841 498 3899; x_wconf 89' lang='lat' dir='ltr'>tanta</span> <span class='ocrx_word' id='word_1_245' title='bbox 519 3830 746 3901; x_wconf 88' lang='lat' dir='ltr'>multitudine</span> <span class='ocrx_word' id='word_1_246' title='bbox 766 3829 989 3902; x_wconf 88' lang='lat' dir='ltr'>Ciericorum</span> <span class='ocrx_word' id='word_1_247' title='bbox 1009 3829 1259 3908; x_wconf 86' lang='lat' dir='ltr'>Romanorum</span> 
     </span>
     <span class='ocr_line' id='line_1_36' title="bbox 237 3925 1355 4030; baseline 0.008 -36"><span class='ocrx_word' id='word_1_248' title='bbox 237 3925 328 3997; x_wconf 73' lang='lat' dir='ltr'>rbere</span> <span class='ocrx_word' id='word_1_249' title='bbox 351 3928 471 4019; x_wconf 85' lang='lat' dir='ltr'>plures</span> <span class='ocrx_word' id='word_1_250' title='bbox 494 3927 658 4001; x_wconf 82' lang='lat' dir='ltr'>similibus</span> <span class='ocrx_word' id='word_1_251' title='bbox 686 3931 892 4002; x_wconf 88' lang='lat' dir='ltr'>nominibus</span> <span class='ocrx_word' id='word_1_252' title='bbox 918 3930 1129 4030; x_wconf 84' lang='lat' dir='ltr'>appellatos</span> <span class='ocrx_word' id='word_1_253' title='bbox 1179 3927 1259 4003; x_wconf 88' lang='lat' dir='ltr'>Fal·</span> <span class='ocrx_word' id='word_1_254' title='bbox 1347 3940 1355 3955; x_wconf 79' lang='grc'><strong>“</strong></span> 
     </span>
     <span class='ocr_line' id='line_1_37' title="bbox 237 4021 1320 4124; baseline 0.006 -25"><span class='ocrx_word' id='word_1_255' title='bbox 237 4045 268 4099; x_wconf 93' lang='lat' dir='ltr'>m</span> <span class='ocrx_word' id='word_1_256' title='bbox 284 4025 378 4103; x_wconf 87' lang='lat' dir='ltr'>enim</span> <span class='ocrx_word' id='word_1_257' title='bbox 395 4043 494 4124; x_wconf 86' lang='lat' dir='ltr'>erat,</span> <span class='ocrx_word' id='word_1_258' title='bbox 514 4027 614 4121; x_wconf 80' lang='lat' dir='ltr'>quod</span> <span class='ocrx_word' id='word_1_259' title='bbox 628 4026 828 4104; x_wconf 67' lang='lat' dir='ltr'>Donatista</span> <span class='ocrx_word' id='word_1_260' title='bbox 845 4021 1028 4119; x_wconf 86' lang='lat' dir='ltr'>dixerant,</span> <span class='ocrx_word' id='word_1_261' title='bbox 1054 4030 1258 4105; x_wconf 80' lang='lat' dir='ltr'>convenire</span> <span class='ocrx_word' id='word_1_262' title='bbox 1318 4073 1320 4079; x_wconf 94' lang='lat'>·</span> 
     </span>
    </p>
   </div>
   <div class='ocr_carea' id='block_1_3' title="bbox 1037 4143 1308 4259">
    <p class='ocr_par' dir='ltr' id='par_1_10' title="bbox 1037 4143 1308 4266">
     <span class='ocr_line' id='line_1_38' title="bbox 1037 4143 1308 4259; baseline 0.004 -79"><span class='ocrx_word' id='word_1_263' title='bbox 1037 4143 1308 4259; x_wconf 42' lang='lat' dir='ltr'>,b</span> 
     </span>
    </p>
   </div>
   <div class='ocr_carea' id='block_1_4' title="bbox 0 0 1604 4784">
    <p class='ocr_par' dir='ltr' id='par_1_11' title="bbox 0 0 1604 4784">
     <span class='ocr_line' id='line_1_39' title="bbox 0 0 1604 4784; baseline 0 1"><span class='ocrx_word' id='word_1_264' title='bbox 0 0 1604 4784; x_wconf 95' lang='lat' dir='ltr'> </span> 
     </span>
    </p>
   </div>
  </div>
 </body>
</html>
