3200 4784
282 414 330 497 58
590 384 592 389 ⁵
645 400 837 481 Orrnrr
865 402 997 521 brar
1048 477 1051 485 .

284 562 412 642 fastam
432 562 502 641 esse
518 565 732 640 memorasti.
781 566 870 639 Haec
893 567 927 640 da
951 579 1080 640 caetera
1095 564 1261 643 vestra&
1276 565 1361 645 suas

284 664 405 739 causas
429 667 593 756 habent,
628 666 662 737 ἃ
689 684 775 756 quas
801 666 941 740 ostendi
966 666 1137 760 personas
1161 669 1354 745 obnoxias.

282 765 371 842 Hoc
387 786 456 838 nos
470 786 541 838 nec
557 764 720 837 vidimus·
734 766 898 857 quidem,
924 765 984 843 sed
1002 768 1196 841 vobiscum
1217 769 1354 841 audivi-

281 885 374 939 mus.
415 863 451 937 Si
466 865 607 937 auditus
621 864 708 937 facit
725 884 766 937 re
819 888 829 941 a
848 881 1013 941 tenemus
1034 888 1103 939 vos
1121 865 1257 959 socios,
1271 870 1355 959 quia

281 956 441 1040 similiter
473 963 626 1037 audistis.
687 962 723 1036 Si
750 985 771 1036 a
796 963 891 1038 fado
918 967 1061 1039 auditus
1085 967 1250 1041 immunis
1276 966 1355 1057 est;

284 1064 385 1154 quod
400 1066 444 1136 ab
458 1064 554 1152 aliis,
571 1063 680 1136 vobis
699 1066 1010 1157 provocantibus,
1036 1065 1167 1141 fadum
1183 1064 1257 1159 est,
1285 1088 1356 1141 no-

282 1165 340 1237 bis
356 1183 434 1236 non
455 1163 565 1235 debet
580 1163 759 1258 imputari.
811 1165 1005 1263 Querelam
1024 1187 1089 1260 per
1108 1166 1270 1241 ordinem
1289 1167 1356 1239 de-

281 1262 443 1358 ponitis,
470 1261 533 1334 sub
556 1258 745 1353 Leontio,
778 1259 841 1337 sub
856 1260 1031 1357 Ursacio,
1066 1266 1256 1361 injuriatos
1281 1265 1355 1343 esse

281 1382 388 1455 quam
411 1364 607 1455 plurimos:
633 1361 697 1433 sub
714 1361 826 1435 Paulo
851 1362 1068 1439 &Macatio
1085 1368 1224 1457 aliquos
1244 1386 1352 1440 neca-

280 1475 365 1535 tos:
391 1460 660 1551 asequentibus
675 1482 800 1537 eorum
816 1462 938 1536 nescio
956 1485 1049 1556 quos
1063 1466 1107 1537 ad
1120 1481 1262 1559 tempus
1280 1465 1352 1541 esse

279 1559 521 1656 proscriptos.
581 1562 677 1657 Quid
700 1563 775 1635 hoc
795 1564 840 1635 ad
862 1561 959 1635 nos?
993 1565 1079 1655 quid
1096 1564 1141 1639 ad
1154 1562 1351 1643 Ecclesiam

280 1661 511 1735 catholicam
528 1660 711 1756 pertinet?
738 1662 923 1763 Quidquid
942 1664 1148 1756 objecistis,
1173 1686 1246 1737 vos
1262 1663 1350 1739 feci·

280 1761 364 1839 stis:
399 1764 457 1855 qui
484 1782 608 1854 pacem
634 1782 655 1835 a
682 1761 768 1835 Deo
798 1764 1084 1837 commendatam
1115 1764 1280 1839 noluistis
1309 1768 1351 1839 li·

281 1868 409 1953 benter
427 1865 618 1958 excipere,
656 1863 856 1936 chariorem
877 1861 1087 1937 aestimantes
1101 1864 1350 1941 hereditatem

278 1965 492 2057 schismatis,
514 1984 620 2056 quam
634 1977 814 2055 precepta
827 1960 1012 2055 proposita
1024 1962 1227 2039 salvatoris.
1278 1965 1349 2037 Ar·

277 2066 399 2163 guistis
414 2064 601 2159 operarios
616 2063 779 2133 unitatis:
806 2061 913 2155 ipsam
933 2063 1109 2137 unitatem
1127 2064 1347 2159 improbate,

276 2164 495 2257 sipot'estis.>
532 2159 629 2235 Nam
649 2160 783 2237 estimo
805 2182 877 2234 vos
897 2182 1144 2261 nonnegare,
1168 2164 1347 2244 unitatem

275 2264 449 2341 summum
469 2266 606 2336 bonum
631 2259 712 2335 esse.
771 2261 870 2357 Quid
891 2260 1034 2353 nostra,
1065 2264 1187 2355 quales
1207 2262 1344 2337 suerint

275 2366 453 2458 operarii,
481 2362 678 2435 dummodo
697 2363 796 2453 quod
812 2375 1004 2453 operatum
1020 2361 1093 2455 est,
1119 2365 1256 2437 bonum
1271 2360 1346 2437 esse

274 2463 448 2539 constet?
480 2461 576 2535 Nam
600 2461 778 2535 &vinum
799 2484 820 2532 a
840 2462 1094 2554 peccatoribus
1111 2464 1287 2556 operariis
1308 2464 1344 2537 de

273 2569 434 2637 calcatur
456 2561 489 2633 &
513 2564 708 2654 premitur,
736 2560 770 2633 δι
790 2560 838 2634 src
855 2561 939 2633 inde
956 2560 1042 2635 Deo
1057 2559 1268 2637 sacrificium
1287 2563 1345 2637 of·

272 2662 400 2739 fertur.
453 2662 586 2737 Oleum
604 2681 749 2752 quoque
765 2683 786 2733 a
802 2659 972 2751 sordidis,
999 2660 1033 2732 dt
1051 2662 1235 2735 nonnullis
1248 2664 1343 2737 male

272 2764 514 2854 viventibus,
548 2761 583 2833 u
602 2761 781 2843 immunda
801 2761 1036 2853 loquentibus
1062 2758 1271 2833 conficitur:
1305 2761 1342 2834 dr

272 2876 394 2935 tamen
414 2864 534 2950 liquor
552 2864 590 2933 in
608 2861 755 2953 sapore,
788 2862 827 2935 in
846 2862 1002 2955 iumine,
1038 2864 1147 2937 etiam
1162 2861 1200 2935 iu
1218 2858 1340 2937 sensio

270 2960 470 3035 Chrismate
488 2959 694 3051 simpliciter
709 2975 892 3058 erogatur.
1074 3017 1077 3023 .

348 3081 382 3151 5.
411 3059 610 3152 Operatios
636 3061 781 3134 unitatis
807 3063 921 3135 malos
946 3058 1047 3135 fuisse
1069 3060 1206 3133 dicitis:
1241 3059 1343 3137 sorte

273 3181 357 3234 cum
382 3163 575 3231 voluntate
597 3156 688 3250 Dei,
723 3162 779 3232 cui
804 3180 1065 3251 nonnunquam
1088 3161 1209 3250 placet
1233 3161 1344 3235 etiam

273 3260 374 3351 'quod
397 3261 440 3332 ab
465 3258 542 3350 ipso
563 3260 686 3351 potuit
706 3261 901 3352 prohiberi.
951 3259 1047 3333 Nam
1067 3260 1226 3348 quadam
1246 3263 1342 3337 male

271 3359 385 3437 fiunt:
413 3359 570 3451 quaedam
588 3361 678 3432 mala
695 3361 790 3432 bene
815 3358 918 3437 fiunt.
969 3358 1108 3433 Malum
1127 3360 1220 3433 male
1241 3360 1339 3431 latro

270 3460 376 3537 facit:
410 3461 541 3534 malum
566 3460 659 3533 bene
682 3460 791 3551 judex
816 3460 924 3550 facit,
950 3459 1034 3533 dum
1058 3460 1221 3533 vindicat
1240 3457 1342 3549 quod

268 3561 366 3634 latro
386 3559 567 3653 peccavit.
617 3558 713 3633 Nam
734 3560 811 3631 haec
826 3559 897 3633 Dei
916 3579 992 3631 vox
1013 3557 1085 3640 est,
1110 3563 1190 3635 riba
1213 3560 1338 3632 occides.

269 3655 322 3735 Et
341 3663 444 3751 ipsius
467 3681 543 3733 vox
564 3657 633 3731 est:
672 3663 712 3730 Si
731 3666 886 3729 inventus
903 3658 1013 3751 fuerit
1035 3661 1148 3752 homo,
1182 3660 1340 3731 dormiam

268 3783 338 3830 cum
360 3763 488 3831 muliere
509 3759 644 3831 habente
662 3763 835 3848 maritum,
861 3762 1001 3831 occidetis
1017 3779 1177 3857 utresque.
1228 3757 1337 3835 Unus

268 3855 394 3947 Deus,
413 3859 536 3931 &duae
550 3858 697 3933 diversae
710 3860 837 3935 voces.
888 3862 1057 3950 Denique
1073 3861 1157 3935 dum
1170 3859 1338 3954 Phinees,

266 3954 364 4039 filius
380 3957 789 4035 sacerdotisadulterum
806 3981 887 4033 cum
902 3963 1062 4038 adulter-a
1075 3962 1273 4052 inveniret,
1287 3961 1338 4033 le-

248 4060 372 4135 tavit
389 4078 475 4135 cum
489 4057 616 4161 giadio
636 4081 805 4164 manum,
841 4061 875 4135 &
898 4063 993 4137 inter
1019 4059 1107 4137 duas
1131 4080 1244 4235 νὲοζξ
1264 4058 1339 4135 Dei

1178 4180 1206 4232 u
1228 4179 1287 4237 uss

615 4442 720 4480 Δι’
