3200 4784
509 395 656 476 394
866 423 873 429 -
1022 349 1664 452 M'onumanra
1711 335 2158 450 Vnt-mus·

509 545 947 631 praeceptum
982 549 1073 610 ex
1100 531 1401 628 utraque
1445 541 1654 631 parte
1691 533 2013 630 personis
2068 530 2156 608 ad
2187 527 2496 628 negotii
2533 545 2652 605 me·

508 635 648 716 rita
690 637 1049 712 veniatur.

672 723 785 814 86.
844 738 1170 810 Emeritus
1194 731 1527 830 Episcopus
1548 733 1724 806 dixit
1739 755 1784 804 .··
1813 729 1924 804 Ex
1948 753 2088 805 una
2110 741 2330 824 parte
2363 728 2655 802 diversae

511 834 887 914 sententias
924 836 1373 928 concordare
1409 834 1698 910 debent.
1765 832 1922 906 Aut
1959 835 2143 918 ‚enim
2171 828 2306 903 hic'
2331 827 2490 902 esse
2515 827 2659 900 suos

514 936 806 1025 dicunt,
859 934 925 1020 δι
968 933 1197 1014 adeffe
1237 933 1664 1022 debebunt,;·
1701 947 1823 1006 aut
1855 931 1907 1006 fi
1944 931 2275 1005 absentes
2317 927 2478 1002 esse
2515 947 2662 1020 pro-

514 1033 861 1124 fitentur,
916 1034 1163 1108 videat
1195 1034 1533 1109 nobilitas
1568 1049 1730 1126 tua,
1773 1033 1942 1130 quid
1971 1034 2060 1105 de
2087 1029 2530 1104 absentibus
2563 1027 2660 1100 de-

512 1134 689 1208 beat
716 1133 1059 1226 judicare.
1140 1136 1233 1210 Et
1266 1136 1395 1211 alia
1422 1157 1639 1214 manu.
1709 1130 2071 1208 Emeritus
2110 1126 2546 1226 Episcopus
2577 1147 2662 1200 re·

513 1252 612 1310 co
664 1252 867 1310 novh
2134 1249 2140 1254 ·
2515 1295 2520 1300 .

615 1253 786 1424 g87.
840 1334 1277 1406 Marcellinus
1300 1337 1413 1405 vir
1443 1330 1823 1424 clar'iffimus
1858 1323 2186 1402 Tribunus
2213 1327 2306 1405 δ’
2337 1329 2664 1402 Νοτανίω

514 1432 719 1504 dixit.-
759 1433 981 1530 Quod
1006 1432 1383 1527 praesentes
1409 1434 1862 1524 praesentibus
1887 1431 2437 1522 mandaverunt
2456 1481 2482 1516 ,
2515 1446 2665 1520 pto·

512 1529 892 1610 secutione
924 1532 1451 1625 speEtabilitatis
1488 1532 1739 1606 vestrae
1771 1547 2057 1606 tenetur
2084 1527 2545 1624 expressum,
2587 1544 2664 1598 eo

516 1631 716 1724 quod
759 1651 1053 1720 omnes,
1105 1633 1220 1722 qui
1252 1631 1838 1730 subscripserunt,
1894 1652 1930 1703 a
1965 1633 2176 1716 vobis
2217 1629 2292 1700 &
2334 1650 2378 1700 a
2415 1624 2664 1698 vestris

518 1731 857 1804 omnibus
882 1730 1093 1802 facile'
1114 1732 1374 1826 poffint
1401 1730 1707 1826 agnosci.
1761 1729 1977 1804 Unde
2007 1750 2166 1802 cum
2194 1725 2666 1818 subscriptio·

515 1849 648 1906 nes
683 1850 814 1920 per
848 1831 1170 1904 ordinem
1205 1830 1475 1906 fuerint
1508 1834 1826 1904 recitatae
1849 1883 1874 1928 ‚
1929 1831 2018 1905 de
2062 1850 2208 1922 quo
2253 1826 2664 1914 dubitatur,

513 1930 795 2029 poterit
827 1949 1003 2002 mox
1034 1933 1308 2006 venire.
1852 1997 1870 2017 .

660 2036 789 2110 88.
842 2031 1195 2103 adeodatus
1232 2029 1555 2128 Epifiopus
1591 2029 1798 2099 dixit.-
1849 2026 2111 2100 Affero
2141 2025 2664 2122 compendium
2725 2088 2733 2117 Ι

517 2123 815 2216 diversae
856 2127 1082 2216 parti,
1132 2150 1229 2210 ne
1270 2131 1616 2202 tumultus
1650 2128 1851 2228 poss'e
1885 2126 2037 2200 fieri
2078 2127 2416 2217 utrisque
2459 2124 2662 2219 parti·

512 2227 653 2302 bus
690 2222 1155 2319 praesentibus
1189 2242 1468 2319 putent.
1544 2226 1807 2302 In'uno
1843 2231 2014 2300 loco
2054 2224 2510 2318 Coepiscopi
2545 2243 2662 2296 no·

514 2325 637 2408 stri
688 2324 1125 2408 confistant‚‚
1174 2327 1260 2399 ad
1308 2329 1606 2406 alterum
1651 2330 1820 2411 item
1869 2330 2110 2400 locum
2165 2324 2336 2398 suos
2395 2325 2660 2398 faciant

514 2426 799 2510 venire.
848 2421 948 2496 Et
978 2446 1139 2500 cum
1170 2428 1469 2506 recitata
1504 2424 1766 2500 snei-int
1798 2447 2240 2517 quaecunque
2271 2427 2482 2510 loca..
2517 2422 2654 2496 bini
2729 2447 2733 2464 ·

511 2526 1136 2616 mittantur,un
1178 2527 1387 2619 poffit
1425 2528 1659 2604 omnis
1709 2526 2062 2610 causatio,
2118 2526 2358 2598 omnis
2402 2523 2654 2598 tumul-

510 2637 633 2700 tus
665 2625 1037 2738 amputari.
1093 2626 1190 2700 Et
1215 2628 1344 2722 alia
1376 2653 1595 2700 manu.
1645 2624 2071 2704 Adeodatus
2103 2622 2517 2718 Episcopus
2553 2642 2650 2699 re-

512 2743 868 2818 cognom.
