3200 4784
586 423 783 476 122’·
1016 403 1085 436 *f
1140 400 1622 478 FAcuqu
1685 419 2154 495 quaeum
2211 389 2220 396 ’

574 562 920 656 judicium
956 569 1438 654 vocarentur,
1503 560 1790 656 possent
1836 561 1958 635 fibi
1998 562 2332 653 exemplo
2364 581 2517 636 non
2549 581 2706 635 uno

576 662 1039 755 succurrere,
1089 664 1214 736 ubi
1261 661 1499 753 primis
1550 665 1997 755 temporibus
2049 677 2170 734 aut
2221 665 2476 733 tabulae
2524 665 2703 759 legis

577 761 881 845 ἠθεῖε,
910 775 1032 835 aut
1066 762 1223 834 libri
1263 762 1501 833 traditi
1541 761 1682 835 effe
1723 763 2054 857 leguntur
2088 764 2206 834 vel
2245 761 2437 834 incifi
2486 761 2551 832 δι
2600 765 2702 834 in-

580 861 814 953 censt,
868 862 936 933 ἃ
974 880 1195 934 nemo
1229 862 1598 934 damnatus
1632 857 1755 934 est.
1855 861 1928 931 Si
1959 858 2084 955 (ut
2120 860 2323 953 supra
2357 859 2546 954 dixi)
2585 882 2702 953 pa·

576 974 823 1034 rentes
852 960 1067 1034 vestri
1098 963 1226 1033 illo
1255 973 1589 1055 tempore
1622 961 2100 1063 nudarentur,
2152 960 2200 1033 fi
2235 959 2540 1034 accusari
2577 982 2706 1052 po-

494 1124 499 1129 .
579 1057 915 1151 tuissent,
965 1061 1108 1144 fine
1136 1059 1360 1133 dubio
1396 1060 1765 1149 dicerent,
1814 1058 1884 1132 se
1915 1060 2092 1132 nihil
2130 1061 2426 1152 amplius
2464 1058 2707 1133 feciss'e

576 1178 620 1232 a
654 1157 921 1252 Moyse
960 1160 1416 1255 legislatore,
1469 1160 1794 1250 quamvis
1830 1179 1982 1232 non
2022 1160 2144 1233 fibi
2181 1159 2526 1252 ssmilent,
2583 1158 2706 1233 sed

532 1260 765 1333 ·inter
816 1259 886 1332 se
933 1259 1752 1355 repugnent'necessitas
1799 1259 1867 1330 ὅτ
1916 1260 2300 1353 voluntas,
2371 1279 2535 1335 cum
2576 1281 2705 1332 eo·

500 1354 504 1358 ⁴
573 1357 743 1432 dem
766 1361 1086 1454 ‚nomine
1127 1361 1299 1453 legis
1340 1353 1714 1452 parentum
1750 1356 2156 1432 vestrorum
2187 1357 2254 1430 ἀ
2286 1359 2529 1451 Moyfi
2561 1380 2703 1433 una

558 1456 797 1532 fuerit
834 1457 1058 1532 causa.
1160 1456 1451 1542 ,Poffent
1490 1457 1728 1531 dicere
1772 1473 2111 1549 parentes
2158 1457 2371 1530 vestri
2410 1460 2583 1531 illud
2630 1457 2703 1531 se

572 1556 667 1630 de
702 1558 1108 1631 necestitate
1144 1556 1432 1649 fecisse,
1500 1557 1697 1646 quod
1733 1555 2033 1648 Moyses
2078 1557 2277 1650 prior
2313 1557 2569 1631 fecerit
2609 1560 2701 1650 de

570 1657 983 1731 voluntate.
1087 1658 1231 1753 Qui
1260 1643 1421 1729 cum
1448 1657 1728 1752 populo
1760 1657 2283 1753 indignaretur,
2336 1679 2491 1731 non
2524 1677 2701 1731 con-

570 1755 967 1847 fideravit‚.
1023 1758 1187 1846 quia
1241 1755 1444 1828 Deus
1494 1756 1726 1851 digito
1779 1755 1907 1828 suo
1958 1755 2356 1858 scripserat:
2427 1759 2497 1831 δι
2537 1760 2697 1850 plus

572 1853 678 1928 est
719 1854 915 1944 quod
952 1852 1289 1948 scriptum
1338 1854 1546 1928 estin
1589 1857 1819 1949 coelo,
1874 1876 2083 1947 quam
2123 1856 2322 1948 quod
2358 1856 2434 1929 in
2473 1870 2696 1931 terra:

534 1950 643 2026 ’ἃ
680 1973 829 2026 non
863 1952 966 2030 est
993 1975 1213 2027 unum
1250 1954 1448 2045 quod
1474 1953 1652 2027 fecit
1685 1954 1820 2027 Dei
1855 1956 2156 2051 digitus,
2207 1956 2275 2028 δι
2307 1958 2503 2047 quod
2536 1955 2698 2029 scri·

567 2051 705 2146 pfit
741 2055 1046 2128 calamus
1094 2054 1401 2128 humana
1434 2075 1652 2128 manu
1689 2050 2156 2148 compositus.
2257 2055 2556 2147 Moyses
2596 2054 2699 2129 fe·

565 2153 814 2242 rebat,
864 2156 1061 2243 quod
1091 2173 1220 2246 per
1244 2156 1513 2230 nubem
1550 2167 1966 2248 acceperat,
2007 2154 2076 2226 δι
2108 2167 2444 2246 parentes
2483 2154 2697 2228 vestri

563 2250 1017 2328 tradiderunt
1046 2253 1242 2342 quod
1284 2252 1443 2326 data
1478 2253 1809 2336 mercede
1839 2253 2312 2327 confecerant
2333 2259 2372 2327 ε’
2402 2253 2595 2328 reste
2625 2254 2696 2327 se

563 2352 1165 2447 parentes'vestri
1217 2349 1745 2446 defenderent‘,
1816 2353 2165 2444 docentes
2214 2355 2516 2446 capitale
2563 2355 2696 2426 cri-

472 2501 482 2511 ,
563 2472 735 2536 men
764 2472 916 2525 non
946 2450 1111 2543 esse,
1144 2452 1194 2525 si
1219 2453 1291 2525 id
1317 2451 1593 2525 feciss‘et
1621 2455 2111 2544 unusquisque
2139 2473 2394 2528 eorum
2428 2473 2702 2550 magno·

562 2564 767 2626 metu
794 2555 1254 2644 perterritus,
1292 2552 1489 2643 quod
1508 2551 1806 2643 Moyses
1835 2551 2112 2625 feciss’et
2135 2555 2395 2625 iratus:
2448 2553 2514 2625 δι
2540 2574 2693 2627 non

561 2651 864 2744 legimus
900 2651 1298 2726 Dominum
1343 2651 1785 2747 indignatum
1829 2650 1969 2723 ess'e
2008 2651 2299 2743 Moysi,
2351 2673 2495 2724 nec
2535 2655 2691 2724 vin-

566 2748 822 2829 dicasse
874 2753 1274 2825 confrafitas
1326 2757 1598 2825 tabulas
1703 2773 1823 2825 uas
1871 2773 2079 2825 manu
2131 2753 2243 2825 sua
2335 2753 2539 2821 efferi
2576 2753 2691 2821 ‘se-
