3200 4784
416 363 1169 487 naDonnaasranuarHrsaonra.
1255 369 1355 445 60

260 529 336 606 esse
351 528 533 623 personas.
568 528 666 630 Quid
683 520 822 601 ¹necesse
841 525 892 598 est
908 532 967 597 tot
986 521 1218 616 suessionum,
1239 547 1371 615 quo

260 634 358 704 niam
379 632 475 702 nulia
495 631 699 702 emendatio
723 626 906 719 subsecuta
929 625 1001 716 est,
1028 632 1178 699 nexibus
1198 627 1310 700 subdi
1353 624 1371 700 ἓ

262 730 375 822 Ipsam
404 751 495 813 vero
519 729 791 802 Catholicorum
810 725 1092 818 Episcoporum,
1118 731 1224 802 ctiam
1245 721 1371 819 post

262 830 452 902 vistoriam
473 831 655 917 veritatis,
669 826 857 900 'noverint
874 823 1071 897 Donatistae
1086 847 1231 900 manere
1253 827 1354 899 sen-

263 930 436 1019 tentiam,
455 943 497 1000 ut
512 929 702 1019 compretis
721 925 998 1014 collationibus,
1018 933 1103 1015 quas
1125 928 1175 1000 eis
1194 926 1343 1002 &ante

267 1029 407 1101 oblatas
439 1030 581 1119 publica
615 1026 835 1099 conscientia
860 1025 1058 1116 retinetur,
1091 1025 1248 1100 &nunc
1274 1028 1338 1100 os-

264 1127 351 1202 ferri
381 1127 452 1199 sane
485 1125 709 1198 dubitatione
739 1122 788 1196 sat
815 1140 952 1196 certum
979 1121 1060 1214 est,
1099 1120 1184 1200 sese
1204 1125 1331 1241 suscipi

264 1223 367 1320 posse
393 1226 621 1319 cognoscant
674 1225 888 1316 Superioris
901 1236 1018 1296 autem
1039 1222 1141 1297 odissi
1160 1223 1302 1300 fidem
1291 1246 1330 1301 ιιι

228 1400 231 1405 ,
265 1327 434 1399 omnibus
466 1343 604 1399 certum
631 1322 682 1396 est
701 1323 893 1396 reservati.
951 1321 1060 1394 Unde
1085 1329 1330 1441 unusquisque

227 1464 232 1512 ;
255 1424 408 1503 Donati
430 1426 695 1496 communionis
714 1421 912 1517 Episcopus
937 1422 980 1493 ad
999 1425 1080 1495 loca
1095 1428 1240 1518 propria
1252 1427 1331 1500 sane

227 1566 234 1614 ,
237 1520 344 1596 ulla
361 1526 470 1598 debet
487 1524 738 1641 inquirietudine
754 1543 795 1593 ac
818 1519 979 1595 molestia
999 1542 1183 1615 remeare,
1211 1541 1334 1618 quate·

227 1646 234 1714 ’ς
268 1643 339 1696 nus
367 1625 583 1718 inpropriis
613 1621 829 1694 constitutus
854 1621 980 1693 autad
1004 1628 1111 1696 un'am
1137 1645 1347 1719 veramque¹

228 1780 229 1789 ,
269 1719 469 1797 Ecclesiam
478 1734 701 1813 reuertatur,
722 1737 783 1793 aut
795 1719 874 1792 satis
891 1722 1029 1816 iegibus
1045 1721 1252 1800 facerefine
1269 1727 1335 1807 dis·

227 1865 231 1910 ς
270 1812 493 1899 srmuiation'e
506 1842 581 1895 non
592 1815 746 1895 differat
772 1820 820 1892 Hi
837 1822 969 1913 autem,
988 1820 1046 1910 qui
1062 1822 1097 1892 in
1115 1826 1253 1915 praediis
1266 1830 1336 1904 suis

270 1919 612 1995 Circumcellionum
630 1918 663 1992 se
680 1921 800 1991 turbas
812 1919 944 1992 habere
959 1919 1198 2015 cognoscunt,
1211 1926 1336 2022 sciant,

269 2019 334 2094 nisr
352 2040 477 2095 eorum
496 2019 720 2095 insolentiam
741 2020 959 2093 omnimodis
977 2023 1229 2109 comprimere
1233 2025 1338 2101 &re-

269 2120 423 2193 sraenare
441 2119 645 2217 gestierint,
677 2120 831 2192 maxime
850 2140 891 2193 ea
909 2122 992 2193 loca
1015 2141 1035 2192 a
1057 2117 1144 2195 fisco
1162 2145 1250 2221 mox
1272 2148 1337 2198 oc-

271 2220 446 2312 cupanda
496 2221 677 2311 Siquidem
699 2231 771 2293 tam
785 2217 984 2293 Catholicae
1004 2221 1073 2316 legi
1100 2242 1203 2311 quam
1225 2228 1337 2313 quieti

270 2320 447 2413 publice,
465 2332 506 2393 ut
524 2340 651 2403 eorum
669 2314 900 2409 conquiescat
914 2318 1065 2408 insanis,
1092 2320 1129 2391 in
1147 2321 1214 2391 hac
1233 2339 1337 2414 parte

271 2418 482 2494 consulitur
523 2410 715 2491 Gestorum
732 2431 850 2487 autern
865 2416 1013 2488 relesiio
1023 2436 1122 2508 ,qua
1138 2419 1337 2518 profertur,

271 2516 431 2608 superius
454 2518 691 2588 memoratum
708 2535 727 2584 a
744 2512 944 2585 Donatistis
963 2535 1124 2589 errorem
1144 2515 1339 2596 schismatis

274 2612 430 2687 extitisse
440 2628 575 2702 ,atque
587 2611 815 2686 Caecitianun
830 2611 863 2684 &
877 2627 1050 2706 caeteros,
1068 2636 1159 2707 quos
1172 2607 1345 2716 improbe

275 2711 503 2784 crediderant
517 2712 754 2802 accusandos,
777 2709 879 2801 fuisse
893 2729 1085 2809 purgatos,
1108 2712 1339 2797 sanititatem

262 2810 429 2883 uestram
443 2811 630 2902 plenissime
645 2811 959 2902 poteritedocere.
971 2816 1214 2888 ,Erasiamanm
1235 2819 1341 2894 Pno.

269 2928 509 2984 'nouarum
545 2911 679 2984 Datum
696 2907 901 3007 Carthagini
919 2912 1250 3008 postconsulatum
1266 2921 1341 2996 Va.

277 3014 373 3086 ranis
389 3012 437 3087 V.
456 3009 497 3087 C.
522 3033 577 3086 av.
592 3010 745 3087 Kalend.
766 3011 863 3106 Jurii.
