3200 4784
509 419 667 502 230
804 421 809 426 ’
962 387 1666 498 'Mortuum-ra
1713 385 2113 481 Vna-ima
2249 427 2267 442 “

460 561 469 568 ’
514 561 681 648 lud,
750 584 898 658 quo
937 565 1084 638 illic
1124 586 1160 636 a
1188 585 1484 660 ‘corona
1524 565 1985 658 impendente
2019 567 2278 640 dilatus
2328 563 2496 662 est,
2550 569 2686 662 jam

518 667 673 746 tion
712 670 902 741 inter
933 685 1275 750 aerumnas
1318 664 1734 738 secularium
1772 665 2281 757 pressurarum,
2334 665 2468 742 sed
2497 670 2688 744 inter
2751 721 2756 726 -

464 841 469 846 .
521 770 930 860 triumphos
1004 785 1395 861 regnorum
1480 763 1856 837 caelestium
1943 766 2206 839 debeat
2287 767 2690 847 numerari.

422 855 470 863 ‘¹
526 871 899 968 Quantum
950 869 1135 937 enim
1192 867 1516 938 exultare
1566 878 1911 958 poterat,
1983 871 2100 955 qui
2153 865 2314 958 post
2357 870 2692 944 laborio-

523 967 664 1045 sam
718 967 1373 1061 peregrinationem
1434 965 1667 1038 carnis
1722 963 1790 1037 δι
1839 966 2083 1039 mundi
2139 967 2223 1038 ad
2279 968 2692 1046 videndum

527 1067 770 1141 Deum
814 1065 877 1137 &
920 1063 1277 1139 Christum
1318 1066 1702 1155 'completo
1749 1066 2008 1139 itinere
2058 1066 2496 1161 festinabat,
2573 1071 2694 1162 qui

531 1157 1000 1263 proficiscens
1056 1164 1141 1235 ad
1197 1163 1640 1260 Angelorum
1695 1164 2191 1257 consortium,
2277 1167 2697 1247 sanctorum
2745 1211 2750 1220 ·

533 1288 834 1363 quoque
891 1264 1348 1357 complexum
1402 1285 1592 1356 pene
1647 1264 1790 1358 jam
1839 1267 2130 1360 paradisi
2187 1267 2406 1342 limen
2469 1271 2698 1344 intra·
2751 1277 2756 1282 '

533 1364 719 1444 bat?
975 1439 991 1453 ,
2751 1381 2766 1393 ’

690 1463 865 1536 Erat
909 1464 1011 1537 illi
1054 1462 1302 1564 aliidua
1336 1483 1421 1536 ac
1459 1463 1644 1557 jugis
1681 1465 1964 1558 oratio,
2019 1479 2172 1537 erat
2205 1468 2576 1540 continua
2607 1469 2698 1545 de

539 1564 947 1640 devotione
994 1565 1411 1651 meditatim
1484 1564 1800 1636 habebat
1853 1567 1924 1636 in
1973 1562 2306 1638 sermone
2355 1563 2698 1665 Evan'ge-
2749 1623 2756 1640 .

542 1667 763 1754 lium,
816 1668 890 1736 in
932 1665 1382 1760 cogitatione
1426 1668 1886 1755 martyrium;
1954 1665 2017 1735 δι
2056 1680 2199 1738 tarn
2234 1685 2431 1738 voce
2477 1689 2698 1758 quam

542 1763 742 1840 sensu
795 1762 1056 1834 divinis
1106 1765 1497 1835 virtutibus
1544 1764 1825 1836 deditus
1876 1765 2023 1836 hoc
2058 1765 2485 1857 proferebat
2533 1789 2696 1860 ore,

544 1864 745 1956 quod
779 1861 1118 1937 inclusum
1146 1861 1471 1958 gestabat
1502 1864 1574 1935 in
1610 1862 1928 1957 pectore.
2010 1863 2275 1937 Adhuc
2305 1868 2530 1939 etiarn
2565 1868 2696 1962 spi·

542 1964 821 2036 ritalem
844 1959 1180 2054 justitiam
1212 1962 1487 2042 linens,
1528 1963 1596 2034 δι
1625 1965 2110 2055 promerendo
2143 1965 2311 2039 Deo
2340 1979 2556 2044 totus
2593 1969 2698 2041 in-

542 2062 860 2152 serviens
910 2051 1237 2133 ultimum
1281 2062 1633 2150 quatridui
1675 2056 1863 2133 illius
1901 2062 2084 2136 diem
2118 2065 2399 2158 jejunio
2443 2071 2696 2142 termi-

544 2159 797 2254 niisit,
841 2159 1107 2258 scilicet
1136 2176 1219 2231 ut
1245 2158 1727 2233 inlucescente
1756 2161 2198 2255 Dominic0‚
2239 2167 2312 2237 in
2347 2184 2498 2255 quo
2533 2181 2695 2240 erat

491 2269 495 2274 “
553 2261 622 2335 ἃ
652 2261 880 2356 ipsius
923 2260 1135 2353 pallio
1172 2259 1721 2333 consummanda
1749 2314 1773 2351 ‚
1849 2263 1935 2333 ad
1983 2263 2434 2340 offerendum
2471 2269 2696 2362 gemi-

548 2379 721 2435 num
780 2357 1199 2434 sacrificium
1250 2363 1622 2453 acceptior
1660 2362 1834 2434 Deo
1885 2359 2095 2435 fieret
2136 2365 2409 2436 devota
2455 2368 2694 2444 anima

549 2459 1001 2533 Sacerdotis:
1054 2470 1143 2533 ut}
1185 2458 1486 2536 summus
1518 2459 1858 2534 Pontifex
1900 2483 2051 2535 non
2097 2462 2325 2536 solum
2376 2465 2694 2542 ab-inle-

554 2561 786 2634 cebris
838 2558 1097 2649 seculi,
1166 2581 1415 2634 verum
1462 2563 1672 2633 etiam
1714 2582 1748 2632 a
1792 2563 1965 2633 cibis
2014 2566 2165 2655 ejus
2217 2565 2485 2636 alienus
2516 2618 2540 2656 ‚
2601 2565 2692 2639 ad

548 2660 1022 2751 imponendas
1058 2657 1313 2756 Christi
1360 2662 1695 2733 altaribus
1737 2660 2000 2733 hostias
2040 2677 2185 2736 tam
2227 2683 2442 2756 purus
2487 2675 2695 2739 acc'e·

554 2760 762 2831 deret
842 2779 922 2831 ut
958 2757 1106 2831 fieri
1179 2779 1274 2828 τε]
1302 2758 1582 2831 (Ξῇι-ἱῇῑῡ
1614 2759 1883 2831 hostiai
1947 2761 2011 2835 se
2035 2779 2459 2835 mereretur.
2539 2767 2691 2839 De-
