3200 4784
423 351 427 360 .
924 333 927 346 ¹
1002 325 1013 382 Ἰ
1076 359 1078 364 ,
1287 355 1290 364 ,

431 427 490 484 nn
515 403 906 490 Dourrrsranurr
928 383 1175 530 Hunorum.
1262 417 1332 506 381

250 590 311 645 mc
324 569 421 661 prius
436 566 645 648 ostendant,
670 566 694 640 ll
711 565 912 658 valuerint,
938 565 1150 657 quodmodo
1162 563 1333 663 Eccles

263 692 371 762 quarn
393 668 625 782 incipientem
656 669 699 739 ab¹
724 663 950 759 Jerusalem
939 686 977 738 rn
995 663 1187 759 Scripturis
1209 666 1332 747 faustis

219 791 222 797 ·
262 791 332 863 per
347 769 550 861 propinqua
569 767 602 837 &
622 765 817 861 longinqua
836 763 1109 841 fructificantem
1126 782 1238 860 atque
1255 791 1335 846 cre·

262 867 424 942 stentem
444 867 647 981 accepimus
665 865 698 937 δι
716 878 905 956 tenemus,
941 866 1219 981 quorumlibet,
1239 889 1347 962 quos·
1407 939 1413 950 .

267 966 463 1057 accusant,
498 957 719 1079 contagione
744 964 914 1056 perierit,
947 964 1017 1037 dr
1007 986 1042 1037 ru
1065 966 1204 1039 Donati
1228 975 1333 1062 parte

266 1064 486 1140 remanserit.
545 1065 580 1137 Si
608 1065 700 1137 enim
723 1063 797 1134 hoc
823 1059 900 1135 fieri
929 1062 1097 1156 potuisse
1106 1066 1333 1144 monstrave

266 1168 363 1258 rint,
383 1179 470 1237 tunc
481 1165 606 1255 utrque
620 1163 663 1235 ad
677 1161 813 1235 causam
823 1160 989 1236 Ecclesrae
1001 1165 1211 1258 pertmebrt,
1230 1170 1334 1246 aliam

265 1264 414 1340 fo'rtasse
430 1261 603 1378 suscipere
620 1277 727 1354 atque
742 1259 918 1335 discutere
936 1261 1187 1360 quaestionem,
1212 1280 1334 1345 utrum

266 1365 483 1437 Caecilianus
500 1364 648 1455 eiusque
667 1362 816 1458 collegae
834 1361 895 1434 vel
917 1363 1006 1434 tales
1024 1361 1183 1458 fuerint,
1209 1369 1332 1459 quales

268 1468 313 1537 ab
337 1464 408 1536 istis
433 1462 534 1536 fuisse
561 1465 754 1552 dicuntur,
790 1462 852 1533 vel
877 1460 924 1534 src
950 1461 1178 1537 innotescere
1204 1480 1335 1559 potue·

267 1566 340 1635 rint
363 1562 591 1650 Christiane,
625 1561 786 1652 quaejam
810 1572 898 1633 tunc
924 1573 1023 1652 erat,
1054 1563 1183 1636 unitati
1205 1586 1334 1658 usque·

268 1679 409 1754 quaque
425 1659 577 1752 diffusae,
604 1676 646 1732 ut
662 1681 740 1734 eam
755 1679 868 1751 usque
883 1660 926 1732 ad
943 1662 1084 1737 ultimas
1100 1675 1210 1737 terras
1227 1665 1334 1760 ipssus
1363 1707 1368 1718 -

265 1762 430 1835 notionis
456 1762 676 1875 contagione
700 1761 922 1833 macularent
947 1759 981 1831 ta
998 1760 1209 1855 perderent.
1267 1763 1333 1840 Fa·

267 1874 391 1932 tentur
414 1860 545 1952 quippe
570 1861 677 1933 etiam
701 1857 786 1953 ipsr,
822 1859 1001 1933 neminem
1024 1863 1182 1953 peccatis
1207 1865 1336 1954 alienis

269 1960 439 2033 maculari
465 1956 584 2050 posse,
611 1979 687 2050 quae
712 1961 866 2054 ignorat.
916 1954 1026 2031 Unde
1045 1958 1069 2032 sr
1090 1961 1332 2079 demonstrare

268 2061 471 2152 potuerint,
489 2073 559 2130 tam
577 2060 682 2131 latam
696 2078 761 2150 per
773 2070 891 2130 tantas
908 2070 1019 2129 terras
1037 2065 1334 2142 communionem

267 2163 426 2253 gentium
442 2156 715 2230 Christianarum
731 2158 889 2250 peccatis
906 2155 1087 2232 caeciliani
1103 2159 1334 2240 &sotiorum

268 2258 345 2348 ejus
368 2259 602 2330 contaminari
624 2277 666 2328 ac
684 2259 803 2348 perire
822 2255 997 2349 potuisse,
1023 2279 1099 2332 non
1116 2259 1264 2355 sufficit,
1289 2273 1334 2336 ut

269 2356 461 2429 ostendant
486 2357 575 2428 tales
599 2371 664 2428 eos
690 2353 813 2445 fuisse,
841 2357 962 2445 duales
988 2356 1188 2432 accusando
1217 2363 1335 2435 crimi-

267 2454 626 2548 nantur‚nis1etran
645 2454 837 2527 ostendant
850 2475 939 2527 vera
954 2455 1102 2530 crimina
1114 2477 1241 2535 corum
1255 2481 1333 2535 om·
1343 2531 1346 2537 .

267 2558 373 2629 nibus
389 2553 607 2644 innotuisse,
642 2574 732 2645 quos
751 2551 824 2645 ipsa
847 2554 1066 2649 contagione
1086 2556 1336 2656 periissemu-

268 2656 434 2729 tcndunt.
486 2654 520 2722 Si
542 2666 659 2725 autem
678 2672 755 2723 non
770 2655 958 2744 potuerint
975 2652 1240 2748 demonstrare,
1268 2658 1335 2735 Ca.

248 2754 440 2823 tholicam
456 2748 649 2823 Ecclesram
666 2770 730 2842 per
747 2771 873 2824 omnes
888 2764 1033 2846 gentes,
1058 2754 1236 2846 inquibus
1253 2779 1333 2837 eam

270 2852 391 2922 divina
409 2851 663 2922 commendant
680 2851 840 2941 eloquia,
866 2853 947 2923 ullis
962 2853 1084 2926 alienis
1102 2859 1258 2945 peccatis
1272 2858 1334 2932 de·

267 2949 352 3023 strui
372 2946 554 3040 potuisse,
589 2947 804 3039 sequestrata
825 2946 1005 3041 paululum
1027 2952 1129 3025 causa
1152 2954 1333 3033 Caecilianl

269 3048 463 3136 decorum,
491 3056 678 3137 quoscum
696 3049 759 3120 illo
776 3048 995 3122 accusandos
1009 3050 1078 3124 effe
1095 3067 1333 3153 putaverunt,

268 3168 345 3237 quae
366 3147 409 3219 ad
429 3145 593 3219 Ecclesrae
611 3146 747 3223 causam
767 3152 917 3224 omnino
941 3172 1016 3224 non
1034 3156 1216 3246 pertinet,
1242 3176 1335 3246 quo·

266 3250 359 3319 niam
383 3250 415 3317 dt
440 3246 462 3318 ri
484 3249 573 3319 mala
591 3246 730 3340 fursset
757 3270 834 3322 earn
858 3252 1094 3323 contaminari
1115 3273 1191 3325 non
1216 3254 1333 3348 posse,
1391 3247 1412 3270 ⁸

265 3366 335 3419 nos
355 3346 453 3437 quod
473 3346 621 3419 dicimus
647 3348 691 3419 ad
712 3369 831 3420 earum
856 3350 1003 3422 crimina
1029 3352 1259 3446 repell,enda
1286 3357 1332 3429 ab

266 3446 318 3517 eis
335 3446 461 3535 quibus
477 3443 632 3517 officium
646 3445 859 3522 defensionis
877 3448 1006 3542 hujus
996 3452 1236 3543 imponimus,
1258 3454 1334 3527 evi

265 3541 511 3617 deotissime&
533 3547 703 3637 exemplis
722 3549 933 3620 cumulatius
954 3548 1185 3641 ostendatur,
1212 3552 1247 3621 id
1264 3551 1331 3645 est,

264 3641 458 3716 Ecclesiam
476 3640 602 3714 Christi
625 3646 805 3717 nullorum
830 3649 1005 3719 malorum
1028 3667 1142 3738 usque
1164 3652 1202 3721 in
1222 3646 1341 3728 finem

264 3742 403 3817 sibimet
418 3743 697 3855 permixtorum,
722 3765 798 3816 non
816 3744 955 3818 solum
946 3760 1175 3839 rgnotorum,
1203 3769 1333 3826 verum

266 3845 373 3913 etiarn
391 3841 643 3959 cognitorum,
671 3845 762 3932 quasr
784 3846 1023 3936 corruptione
1041 3845 1207 3938 postifera
1228 3837 1330 3940 polle

264 3939 439 4054 inquinari
457 3955 564 4032 atque
580 3941 709 4028 deleri,
736 3945 888 4036 primum
903 3947 1073 4037 exemplis
1090 3947 1329 4040 propheticis,

265 4038 326 4131 qui
341 4043 516 4138 populum
537 4038 792 4139 peccatorem,
819 4044 861 4119 dt
872 4044 992 4146 Deum
1010 4047 1131 4124 multia
1148 4046 1330 4213 “³⁰⁸3er

1217 4162 1237 4210 Χ
