3200 4784
628 426 773 503 116
820 471 825 478 -
1100 423 1105 428 '
1348 389 1732 494 Ovum
1790 415 2030 494 Ant

627 583 798 664 tiam
837 579 1247 678 proponitis
1298 577 1652 671 vestram,
1722 593 1809 652 ut
1851 579 2289 671 promittatis
2334 581 2473 654 v'os
2528 581 2763 659 aliena

626 684 828 784 poffe
879 669 1150 754 donas-e
1191 697 1510 771 peccata.
1613 679 1898 752 Videtis
1934 683 2145 773 igitur
2188 701 2338 753 non
2376 684 2466 754 de
2508 687 2755 779 nobie,

626 799 713 862 ut
757 782 1177 876 dispultatie4
1245 778 1362 851 sed
1404 786 1493 851 de
1545 780 1758 851 vobis
1801 779 2044 851 dixiss'e
2089 781 2542 856 beatissimum
2580 783 2759 856 Pau·-

629 890 779 960 lum
803 879 1274 975 Apostolum:
1320 881 1558 965 Erunt,
1594 879 1852 969 inquit,
1886 881 2166 949 homines·
2200 884 2409 976 seipfts
2445 904 2757 972 amantes,

631 983 880 1078 caputii,
910 982 1256 1074 gloriantes
1274 980 1435 1072 fibi,
1474 978 1762 1072 superbi,
1805 979 2180 1074 blasphemi,
2216 979 2588 1074 'parentibus
2619 1009 2760 1054 non

604 1071 972 1157 'obedientes
999 1128 1021 1159 ,
1075 1083 1359 1172 ingrati,
1395 1077 1665 1172 fielefli‚
1711 1099 1918 1172 pacem
1963 1104 2095 1149 non
2129 1081 2559 1176 custodientes,
2595 1084 2764 1178 ,stne

628 1182 892 1279 affeflm
925 1180 1335 1260 devastares,
1373 1185 1687 1262 immites,
1711 1178 1850 1271 fine
1873 1175 2292 1270 benignitaie,
2329 1180 2395 1251 ἃ
2424 1196 2701 1256 caetera.

782 1305 849 1372 5.
902 1280 1091 1353 Nam
1124 1281 1312 1376 ‚illud
1362 1280 1570 1369 quale
1609 1275 1765 1367 est,
1836 1278 2031 1367 quod
2079 1297 2213 1370 pro
2264 1280 2558 1352 arbitrio
2618 1296 2755 1355 tuo

625 1380 875 1472 Moyfi
927 1380 1145 1451 vobio
1192 1380 1568 1470 imponere
1632 1376 1924 1448 voluisti
1978 1377 2346 1468 personam
2387 1404 2420 1450 ε·
2494 1397 2757 1456 contra

623 1503 839 1574 quem
897 1482 1217 1575 Jamnem
1270 1479 1336 1549 δι
1380 1476 1782 1549 Mambrem
1839 1474 2179 1550 obstitiffe
2235 1495 2757 1555 commemorat

626 1579 1030 1676 Apostolus
1076 1577 1349 1655 Paulus,
1428 1574 1523 1645 'Si
1570 1578 1669 1646 ita
1702 1572 1842 1662 est,
1896 1596 2050 1667 quae
2087 1578 2270 1668 apud
2315 1599 2453 1651 vos
2484 1582 2755 1653 veritas

627 1678 940 1754 inveniri
973 1673 1255 1769 potest,
1310 1673 1421 1746 cui
1456 1672 1834 1748 Catholica
1875 1677 2162 1749 videtur
2205 1676 2755 1764 obstitere,.aut

625 1779 825 1872 quod
857 1776 1043 1868 apud
1074 1787 1217 1848 noe
1244 1772 1383 1846 esse
1416 1774 1858 1847 mendacium
1891 1777 2164 1866 poteris
2191 1779 2639 1870 approbare?
2674 1781 2754 1853 in

624 1898 768 1951 una
798 1877 1309 1948 communione
1340 1872 1477 1945 ess'e
1508 1894 1668 1947 cum
1695 1876 1864 1945 toto
1890 1878 2070 1947 orbe
2102 1890 2446 1951 terrarum
2467 1877 2503 1948 2
2543 1877 2617 1950 N
2624 1900 2752 1951 un-

626 1978 792 2068 quid
845 1976 1120 2068 poteris
1167 1977 1566 2067 approbare
1607 1974 2117 2048 mendacium?
2169 1971 2565 2067 symbolum
2623 1999 2749 2051 ve·

622 2097 781 2149 rum
825 2079 888 2146 δι
936 2075 1225 2146 unicum
1276 2073 1590 2144 retinere
1643 2073 1712 2144 &
1758 2072 2188 2164 defendere,
2262 2078 2582 2165 nunquid
2619 2099 2751 2169 po-

626 2179 803 2248 teris
836 2175 1232 2267 approbare
1266 2171 1710 2244 mendacium
1730 2170 1767 2244 ⁴?
1810 2171 2234 2247 Cathedrnm
2267 2173 2485 2266 Petri,
2518 2175 2584 2246 &
2612 2179 2753 2249 cla-

622 2296 760 2347 ves
807 2275 1021 2368 regni.
1050 2275 1393 2344 coelorum
1434 2293 1473 2345 a
1515 2270 1796 2344 Christo
1834 2270 2239 2364 concessas,
2309 2275 2427 2347 ubi
2472 2272 2572 2345 est
2616 2296 2751 2347 no-

620 2374 762 2450 stra
798 2374 1096 2445 societas
1116 2425 1141 2463 ,
1182 2371 1503 2463 nunquid
1529 2373 1800 2464 poteris
1832 2375 2233 2462 approbare
2262 2372 2749 2449 mendacium?

621 2471 704 2548 In
726 2473 866 2567 ipsa
890 2470 1198 2545 leetione
1220 2491 1373 2562 quae
1394 2471 1962 2545 commemorasti
1983 2473 2169 2544 inter
2188 2470 2362 2563 ipsas
2385 2470 2751 2567 personam,

622 2572 995 2645 confidera
1020 2571 1345 2643 ordinem
1372 2589 1646 2643 rerum:
1707 2569 1775 2640 δι
1802 2572 1921 2660 qui
1951 2569 2171 2641 'fuerit
2197 2573 2401 2663 prior
2433 2574 2747 2648 attende.

621 2669 901 2762 Utique
938 2670 1221 2762 jamnes
1274 2670 1340 2744 &
1384 2671 1752 2743 Mambres
1799 2667 2114 2743 secundo
2152 2672 2326 2742 loco
2366 2668 2569 2760 sunt,
2625 2675 2748 2762 qui

684 2787 864 2843 nti-2
932 2771 1059 2839 M.
1128 2771 1180 2839 s·
1264 2839 1265 2842 ,
1340 2771 1404 2839 δι
1460 2771 1833 2841 veritum
1905 2771 2071 2839 'aia
2125 2771 2389 2842 artibus
2445 2771 2733 2839 milit-r
