3200 4784
267 376 277 389 ⁸
430 346 907 507 neruarr'sjrnaurr
930 387 1182 477 ilrsrorra.
1277 401 1377 482 61

344 556 428 649 idern
445 555 519 628 Lib.
539 575 573 651 3.
592 556 655 653 Ep.
676 573 735 647 32.
760 558 804 633 Α.
822 554 997 627 DXClV.
1034 549 1237 651 Gregorius
1254 554 1377 650 Pan

266 654 613 749 taleoni,Praefedio
637 654 783 735 Africae.
842 653 1111 737 Haereticorum
1140 655 1377 749 nefandiffl.

219 830 222 835 ,
265 780 359 835 mam
382 759 598 851 pravitatem
627 756 780 847 qualiter
801 756 864 833 lex
886 753 1119 848 persequatur
1137 755 1371 862 instantius,

266 854 493 933 excellentie
508 856 636 935 vestrae
653 875 731 929 non
748 855 903 929 habetur
916 855 1158 949 incognitum.
1209 856 1260 929 lli
1285 860 1362 955 igr,

260 971 346 1043 tur,
373 978 466 1051 quos
484 954 570 1035 fidei
587 954 718 1035 nostrae
736 954 924 1050 integritas
942 954 1108 1050 &legum
1126 955 1271 1032 damnat
1293 962 1354 1038 di.

263 1056 400 1133 stritiio
415 1056 689 1148 mundanarum,
704 1075 783 1129 non
796 1057 882 1129 leve
895 1068 1085 1149 peccatum
1095 1055 1161 1146 est,
1175 1056 1200 1131 sr
1212 1057 1352 1155 vestris-

263 1160 455 1235 inveniant
467 1157 695 1252 temporibus
709 1157 891 1230 licentiam
903 1152 1119 1249 reserpendi,
1145 1156 1187 1231 In
1197 1159 1266 1233 illis
1277 1161 1344 1257 igi-

264 1259 514 1354 rutpertibus,
526 1271 700 1350 quantum
711 1256 914 1349 didicimus,
923 1254 1253 1333 itaDouatistarum
1263 1280 1343 1336 cre-

261 1358 515 1441 vitaudacia,
540 1369 582 1433 ut
605 1376 682 1431 uon
707 1356 822 1430 solum
843 1355 888 1431 de
911 1354 980 1429 suir
998 1353 1166 1435 Ecclefiis
1187 1356 1359 1437 rudiori„

217 1446 219 1453 ἢ
263 1471 343 1535 tate
357 1456 526 1556 pestifera
541 1457 687 1551 ejiciant
704 1453 791 1529 fidei
809 1453 1009 1537 Catholicae
1025 1455 1262 1551 Sacerdotes,
1280 1460 1343 1537 sed

231 1570 235 1575 “
264 1559 469 1652 bns‚quos
481 1578 573 1632 vera
585 1555 808 1638 confeifione
821 1577 912 1648 aqua
922 1559 1207 1653 regenerationis
1219 1562 1344 1642 abluo

263 1658 579 1752 rat„rebaptizare
591 1678 668 1731 non
678 1669 856 1750 metuant,
867 1657 1047 1748 valdeque
1057 1659 1236 1745 miramur,
1249 1661 1275 1735 sr
1289 1675 1343 1736 tae

265 1762 354 1836 r'nen
370 1760 422 1832 ita
440 1757 511 1841 est,
543 1771 587 1832 ut
600 1758 710 1832 vobis
731 1758 806 1834 illic
822 1756 946 1851 posrtis
963 1758 1072 1831 liceat
1088 1758 1344 1852 huiuscemodi

264 1859 474 1940 hominibus
491 1858 615 1954 pravis
630 1857 822 1937 excedere.
863 1855 1020 1935 Primum
1036 1858 1220 1951 siquidem,
1236 1864 1344 1952 quale

265 1959 315 2033 de
331 1959 440 2033 vobis
455 1950 631 2053 judicium
648 1958 857 2033 bominibus
876 1958 1107 2050 relinquatira
1131 1963 1343 2059 attendite,

265 2058 369 2155 sthi,
394 2060 457 2151 qui
476 2058 629 2138 aliorum
652 2058 880 2152 temporibus
890 2056 983 2150 justa
995 2061 1139 2135 ratione
1155 2061 1345 2158 comprelii

265 2157 371 2252 sunt,
393 2159 504 2239 vobis
527 2157 852 2233 administrantibus
872 2160 969 2234 viam
989 2156 1041 2233 sui
1059 2161 1221 2237 excelsus
1241 2166 1344 2239 inve*

266 2260 383 2340 nient.
423 2258 579 2348 Deinde
593 2259 820 2353 perditorum
834 2260 967 2335 animas
984 2256 1104 2336 Deum
1120 2263 1345 2351 nostrumde

224 2448 229 2455 ,
266 2378 377 2437 manu
402 2356 679 2435 uestrascitute
704 2363 910 2452 requirere,
937 2358 963 2438 fi
989 2374 1130 2437 tantum
1155 2365 1278 2458 nefas,
1302 2366 1343 2451 in

267 2472 441 2552 quantum
457 2458 665 2554 pollibilitas
682 2461 814 2555 exigit,
839 2458 1033 2534 emendare
1044 2462 1237 2559 negligitis.

346 2561 429 2630 idem
438 2559 513 2637 illd,
524 2561 609 2653 ΕΜ
619 2560 723 2650 μοι
732 2562 775 2631 Α.
789 2558 991 2657 Gregorius
1001 2558 1348 2641 Vistoribcolum-

268 2656 322 2733 bo
334 2656 524 2752 Episcopis
541 2656 689 2739 Africae,
735 2655 988 2754 Comperimus
1004 2659 1275 2744 Donatistarum
1287 2666 1345 2740 sti«

268 2758 390 2831 mulos
404 2757 452 2834 iic
464 2759 502 2831 in
515 2758 585 2830 illis
599 2758 916 2856 partibusgregenr
928 2758 1351 2858 turbelleDominicumg.

271 2874 316 2937 ac
336 2855 362 2931 fi
380 2858 511 2931 nullius
529 2857 685 2939 Pastoris
703 2860 952 2934 moderamine
971 2875 1178 2956 regeretur,
1203 2868 1346 2941 nuntia·

269 2969 422 3048 tumque
438 2957 547 3031 nobis
565 2957 638 3052 est,
660 2959 759 3050 quud
776 2960 898 3039 dicere
912 2960 986 3033 line
999 2963 1102 3056 gravi
1119 2963 1250 3039 dolore
1264 2988 1345 3049 nou

269 3055 479 3151 possumus,
513 3059 612 3149 quod
635 3059 780 3152 plurimi
808 3079 936 3135 eorum
962 3063 1153 3137 venenatis
1176 3065 1249 3158 jam
1275 3067 1349 3151 surr

271 3157 441 3231 dentibus
457 3158 592 3243 laniati,
636 3156 806 3250 Denique
821 3158 1037 3240 Sacerdotes
1051 3167 1252 3240 canonicos
1267 3189 1346 3261 pra.

269 3257 406 3332 vissima
419 3256 465 3330 de
480 3255 547 3333 iilis
564 3254 736 3339 Eccleliis
753 3263 959 3334 temeritate
976 3264 1176 3358 repellere,
1204 3265 1347 3342 &mul-

271 3371 334 3430 tos
347 3355 517 3453 insuper,
541 3360 671 3451 quibus
689 3357 837 3435 salutern
853 3363 1136 3457 regenerationis
1151 3386 1241 3459 aqua
1256 3388 1347 3462 prae·

231 3506 234 3511 ·
271 3459 432 3547 buerat,
471 3460 739 3552 rebaptizantes
767 3461 948 3552 pravitate
971 3462 1212 3542 nefandlliima
1239 3489 1346 3543 neca·

272 3554 366 3635 viss’e
386 3557 566 3635 dicuntur.
619 3560 711 3664 Quae
730 3578 791 3631 res
815 3561 953 3636 animos
970 3561 1117 3641 nostros
1136 3567 1244 3642 valde
1261 3588 1348 3643 rnoe·

270 3654 455 3741 stifioant2
488 3658 589 3748 quod
614 3659 723 3730 vobis
743 3660 818 3733 illie
839 3661 963 3752 politis
987 3661 1160 3740 damnatae
1183 3668 1349 3760 presum-

271 3757 368 3832 tioni
385 3768 525 3831 tantum
540 3756 655 3830 scelus
668 3772 879 3851 perpetrare
892 3762 1045 3839 licuerit.
1067 3766 1150 3864 Qua
1165 3767 1217 3844 de,
1227 3788 1267 3842 re
1277 3769 1348 3844 fra.

274 3860 486 3942 temitatem
512 3857 666 3935 vestram
697 3856 838 3951 scriptis
870 3859 1146 3939 decurrentibus
1180 3869 1349 3951 adhorta.

275 3978 378 4052 mur,
395 3972 438 4033 ut
454 3957 581 4042 habito
597 3955 750 4033 trabiatu
764 3960 932 4053 initoque
947 3964 1107 4055 concilio
1122 3968 1174 4043 ita
1186 3970 1350 4052 nascenti

237 4144 243 4161 ,
264 4059 363 4145 buit
381 4060 500 4144 adbuc
516 4060 652 4147 morbo
669 4059 856 4273 iuliae&
868 4083 911 4258 ιζ
930 4074 1012 4149 tuta
1027 4067 1169 4196 uirtute
1187 4071 1355 4245 ὀοὲξξῆ

609 4418 1098 4480 ·......„'=a—2
