3200 4784
614 458 889 544 xxxin

616 612 900 730 psum,
958 608 1255 721 partim
1303 602 1449 689 alia
1498 607 1897 717 temporis
1958 628 2101 691 aut
2150 587 2590 698 hominum
2639 613 2762 706 in-⁸
2825 677 2832 683 -

618 722 1175 842 jurialaesum.
1290 720 1468 804 Has
1523 720 1833 804 habitat
1883 724 2127 805 vieini
2162 723 2518 810 arboreti
2556 754 2760 839 prae·

621 841 937 942 festus,
998 832 1230 951 quod
1295 831 1986 945 surrogandarum
2047 839 2133 919 in
2191 835 2473 923 locum
2529 867 2758 927 mor-

622 981 999 1055 tuarum,
1052 948 1466 1046 ¹arborum
1524 951 1675 1031 viis
1735 948 2089 1058 publicis
2144 949 2752 1060 destinatarum,

617 1074 1132 1180 aliarumque
1168 1061 1766 1173 plantationum
1813 1059 2373 1149 faciendarum
2421 1067 2758 1155 semina-

619 1192 841 1274 rium
876 1181 1272 1288 Princeps
1323 1176 1572 1260 habet
1620 1174 2012 1289 colitque.
2143 1179 2345 1263 Non
2380 1176 2566 1266 sunt
2599 1184 2757 1272 illae

602 1299 958 1394 ,arbores
993 1294 1361 1406 regionis
1393 1290 1843 1405 indigenae,
1907 1290 2040 1376 sed
2074 1318 2177 1376 ex
2209 1297 2593 1382 America
2628 1298 2760 1383 ad-

618 1411 871 1505 vesta.
896 1408 1260 1506 colonia,
1317 1403 1654 1518 jamque
1692 1404 1885 1489 huic
1921 1404 2217 1489 elimati
2248 1405 2758 1500 adsuefafibae.

791 1521 1106 1612 Desinit
1150 1526 1236 1603 in
1286 1516 1634 1603 viridem
1684 1546 1956 1603 aream
1985 1579 2011 1621 ‚
2076 1518 2385 1634 largam
2436 1522 2617 1609 sane
2666 1528 2759 1618 δε

610 1638 1082 1757 spatiosam,
1154 1655 1478 1719 nemus.
1592 1633 1756 1717 Hie
1801 1634 2156 1718 castrum
2189 1634 2511 1722 videbis
2545 1633 2759 1747 eju's-

623 1761 816 1844 dem
856 1752 1004 1837 stili
1036 1744 1503 1862 formaeque
1531 1747 1912 1848 vetustae‚
1974 1749 2207 1862 quod
2243 1777 2347 1833 ex
2381 1776 2608 1863 parte
2642 1753 2761 1838 di·

618 1894 909 1959 rutum
966 1863 1340 1949 crederes
1375 1879 1407 1964 ‚‘
1461 1857 1568 1946 ita
1617 1886 1745 1947 ars
1795 1861 2057 1947 oculis
2109 1861 2401 1952 illudit.
2538 1866 2759 1953 Illud

617 1989 734 2073 rei
803 1979 1294 2077 venatoriae,
1378 1976 1617 2084 cujus
1691 1974 1821 2060 illa
1880 1981 2110 2090 regio
2171 1980 2288 2062 est
2339 1981 2758 2090 aptissima,

615 2093 1058 2215 praefefilms
1108 2090 1545 2194 inhabitat,
1622 2113 1871 2203 atque
1931 2092 2096 2201 ipse
2165 2091 2548 2205 Princeps
2616 2123 2756 2182 ve-

618 2212 969 2300 nationis
1026 2204 1254 2293 causa
1321 2204 1518 2290 illuc
1571 2201 2003 2316 profefilms
2036 2264 2085 2312 ,‚
2154 2205 2318 2291 ubi.
2365 2206 2756 2305 divertat,

614 2328 896 2417 habet.
1278 2375 1283 2382 -

788 2440 1142 2551 Propior
1210 2432 1403 2521 urbi
1474 2428 1742 2518 fastus
1802 2427 2153 2545 frugum
2213 2432 2757 2523 demetarum

613 2554 1088 2669 manipulos
1157 2552 1245 2635 in
1313 2544 1482 2660 ipso
1540 2550 1813 2630 nativo
1881 2544 2026 2631 suo
2094 2574 2295 2661 agro
2344 2552 2449 2633 ita
2513 2548 2756 2632 colle·

618 2673 797 2759 &os
828 2676 913 2756 in
943 2691 1216 2754 unum
1252 2661 1456 2762 vidi,
1507 2685 1606 2746 ut
1637 2688 1810 2745 uno
1844 2666 2273 2747 communi
2309 2686 2558 2775 atque
2586 2661 2758 2748 hoe
2787 2737 2796 2749 .
