3200 4784
221 404 225 413 ·
300 340 302 344 ’
393 360 1189 461 rnen-ammaniumHieroni.
1264 346 1336 465 2'47
1397 356 1400 361 ’

254 525 362 606 scens
385 524 539 601 venerat
558 528 594 601 in
612 524 813 623 angustum:
833 546 915 601 cum
936 524 1044 603 semel
1058 525 1203 619 utrique
1215 527 1333 622 plenia
1379 548 1382 563 ·

257 630 379 726 spatiis
398 630 549 701 exemtis
567 640 648 701 tota
666 625 902 718 intercapedo
924 626 1109 711 consumta
1126 625 1198 722 est,
1211 628 1259 702 ·&
1277 651 1332 713 re-

257 727 370 803 dactis
392 726 677 805 omnibuasrmul
696 726 921 799 &undarum
944 745 1213 817 corporumque
1236 729 1332 803 cele·
1404 806 1408 815 ,

256 830 365 903 brata
379 825 579 909 concordia
595 825 656 905 est.
709 822 977 903 Obfidebantur
997 826 1073 921 lraec
1090 828 1196 922 igitur
1212 848 1231 900 a
1246 825 1330 917 Fre·

254 931 374 1001 tribus
393 928 528 1006 litora,
561 920 656 1021 quasi
673 925 746 1018 jam
773 924 908 997 certius
927 925 1165 999 adventantes
1186 926 1329 1021 Marty-

257 1049 321 1103 res
338 1028 410 1100 ulla
426 1025 647 1120 precederet
664 1025 776 1116 ferne,
792 1025 838 1098 dr
861 1025 986 1099 diebus
1003 1023 1241 1117 laudibusque
1259 1026 1331 1121 sol·

255 1128 361 1210 licite
371 1145 437 1219 per
449 1140 648 1218 momenta,
657 1122 782 1203 defixis
796 1126 985 1205 obtutibus
999 1122 1217 1218 sperabatur,
1229 1125 1336 1218 quod
1373 1174 1389 1223 ·.

257 1226 458 1300 credebant
474 1227 690 1318 quandoque
707 1225 751 1299 de
764 1223 837 1298 Dei
849 1223 952 1299 solita
966 1226 1104 1301 virtute
1119 1240 1329 1301 venturum.

257 1325 352 1405 Cum
370 1324 586 1418 suuitopost
602 1327 657 1398 bia
673 1338 799 1400 ternos
816 1322 892 1399 dies
908 1326 1042 1418 templa
1053 1321 1182 1399 Christi
1200 1327 1329 1400 venire

256 1427 463 1524 gaudebant
492 1425 526 1499 dr
552 1439 788 1500 occurrentes
818 1422 965 1516 cundi,
1002 1425 1192 1517 quomodo
1221 1441 1330 1516 pote·

256 1541 361 1606 rant,
387 1524 503 1599 oculs
517 1527 703 1599 exultante
719 1523 903 1601 alacritate
919 1522 1145 1616 pendebant:
1172 1543 1329 1615 quorum

256 1624 412 1715 extenua
422 1628 585 1699 manibus
596 1639 722 1720 optata
734 1626 892 1701 membre
903 1643 984 1699 cum
997 1625 1143 1716 tropaeis
1154 1621 1221 1697 suis
1230 1624 1329 1700 unda

256 1724 428 1813 festinans
445 1728 549 1798 velut
562 1725 600 1798 in
617 1724 783 1822 gaudium
794 1720 966 1797 resonans
984 1722 1149 1816 tradidit,
1176 1724 1210 1795 dr
1227 1738 1329 1799 com·

258 1826 342 1923 poti
354 1820 529 1903 defiderio
543 1826 684 1900 devota
697 1821 916 1899 Fraternitaa
934 1842 1015 1899 cum
1031 1823 1256 1922 amplexibus
1270 1825 1330 1899 le·

257 1926 307 1999 tir
325 1926 476 2019 accepit.
1076 1932 1082 1941 '
1203 1966 1206 1971 ·

334 2022 394 2099 Sic
421 2025 517 2099 beati
542 2025 727 2118 Martyres
753 2020 970 2119 sepulturam
994 2021 1150 2099 debitam
1177 2041 1328 2116 recepe-

259 2135 369 2216 runt,
403 2123 620 2220 &optatum
644 2124 878 2201 reddiderunt
898 2123 1083 2203 Fratribus
1102 2121 1328 2216 obsequium,
1400 2170 1408 2181 -

260 2222 297 2299 u
313 2221 474 2299 frustrata
489 2225 648 2333 Quistua
668 2225 989 2303 exhibuit'consrlia
1003 2222 1264 2305 Traditorum.,‚
1278 2243 1328 2295 ne

260 2337 325 2399 aut
345 2322 520 2420 insepulta
542 2340 729 2400 tantorum
753 2346 913 2419 corpora
932 2344 1117 2399 remanere
1141 2322 1330 2414 permitte«

259 2437 339 2516 ret,
371 2441 431 2500 aut
448 2427 687 2501 devotionem
703 2427 831 2519 populi
851 2446 896 2498 ex
913 2436 1016 2516 parte
1033 2422 1105 2497 ulla
1121 2418 1328 2512 fraudall'et,

260 2541 324 2599 aut
342 2525 518 2601 nefandos
543 2540 634 2599 vota
646 2525 875 2597 crudelitatis
892 2525 1040 2614 implere
1063 2541 1145 2595 curn
1162 2519 1327 2613 blasphe-

257 2627 330 2701 mia
346 2624 396 2699 sui
413 2628 569 2699 nominis
587 2628 757 2701 immotus
774 2621 983 2712 adspiceret.
1277 2622 1287 2639 ⁸
1313 2669 1335 2720 -x

336 2724 477 2819 Lugeat
499 2744 595 2797 nunc
621 2720 784 2794 demensa
809 2719 941 2796 saevitia
969 2714 1213 2812 perfidorum,
1247 2737 1328 2808 quen

256 2820 537 2895 Dominicarum
556 2823 677 2894 noluit
692 2819 878 2893 recordari
894 2821 1090 2893 virtutum:
1116 2838 1192 2891 non
1207 2817 1327 2891 timuit
1366 2824 1371 2829 '

261 2939 345 2993 eum
361 2919 460 3011 polle
475 2921 519 2995 de
538 2920 625 2995 mari
645 2940 803 3014 corpora
823 2921 999 3014 liberare,
1025 2939 1132 3010 quem
1148 2919 1258 2993 novit
1278 2918 1327 2991 ab

260 3018 386 3094 inferis
410 3021 516 3094 etiam
543 3022 673 3095 animas
695 3017 796 3114 polle
820 3041 963 3094 eruere:
996 3018 1207 3099 aut-uuihlt
1230 3014 1328 3095 aliud

202 3138 204 3142 ·
260 3120 325 3192 vel
342 3141 411 3192 nec
428 3134 551 3215 cetus,
569 3121 629 3215 qui
647 3117 857 3215 emovillet‚
874 3122 1075 3213 acciperet,
1093 3117 1248 3211 perdidit
1264 3118 1329 3190 mi·

260 3217 335 3293 serr
354 3221 564 3311 crudelitas,
592 3242 665 3314 quo
689 3222 858 3296 credebat
878 3240 1045 3316 magnum
1062 3216 1096 3293 se
1111 3213 1326 3312 comperille

262 3318 568 3412 consilium,.cui
600 3342 669 3396 nec
700 3342 797 3397 mare
830 3323 952 3396 voluit
981 3318 1076 3392 ferre
1101 3315 1325 3389 consensum.

259 3419 361 3495 Male
383 3419 652 3495 commendavit
671 3422 840 3497 desideria
861 3420 920 3494 sue
933 3470 952 3512 ‚-
972 3439 1050 3510 quae
1069 3432 1198 3490 contra
1220 3412 1328 3485 Crea-

260 3533 381 3591 torem
402 3516 500 3592 suum
525 3523 668 3616 pelagus
688 3512 829 3618 negare'
839 3540 916 3593 non
940 3517 1073 3610 potuit.
1132 3513 1230 3613 Quid
1252 3513 1326 3606 agit

259 3618 412 3692 humana
429 3620 499 3711 jam
518 3619 655 3706 rabies,
685 3622 749 3694 ubi
772 3640 870 3701 mare
893 3638 968 3691 non
988 3615 1210 3710 persequitur
1228 3610 1327 3685 Mar-

260 3718 386 3809 tyres?
415 3717 513 3815 Quid
531 3719 603 3814 agit
620 3716 876 3794 sceleratorum
890 3718 1040 3805 feritas,
1068 3713 1157 3786 saeva
1174 3712 1234 3784 ubi
1256 3732 1326 3784 rna·

260 3820 313 3890 ria
328 3833 510 3891 revocant
531 3819 574 3892 ad
594 3817 836 3913 sepulturam?
868 3830 929 3889 aut
947 3816 1067 3906 quales
1087 3808 1327 3906 apersecuto·

260 3918 362 3990 ribus
387 3918 613 4009 judicantur,
647 3939 738 4010 quos
762 3917 796 3990 dr
822 3914 895 4008 ipsa
918 3917 1095 4019 elementa
1122 3914 1260 3986 violare
1287 3911 1328 3983 ti-

258 4016 456 4105 muerunt?
489 4018 525 4095 O
549 4019 663 4096 beatae
680 4015 845 4116 pollionis
864 4014 1105 4094 memorabilis
1122 4014 1261 4113 gloria,
1290 4011 1348 4082 irt-

689 4186 694 4193 .
776 4119 869 4221 Q4
1226 4126 1308 4199 eb*-

817 4444 909 4470 ’.ὼ
917 4464 930 4470 ..
952 4458 963 4469 ,ι
