3200 4784
624 404 775 488 brnen
810 422 996 482 eramus
1154 447 1164 484 a
1319 427 1342 500 5

270 567 387 646 uobis
408 571 468 663 qui
481 567 678 665 Baptisma,
711 571 749 642 in
777 569 878 661 cujus
896 568 1048 661 imagine
1069 565 1149 642 sunt
1171 567 1232 644 ilia
1253 568 1355 666 duos

270 672 479 768 audaciter,
505 671 654 761 &quod
671 671 800 742 contra
818 671 914 765 leges
931 667 1005 758 est,
1032 669 1190 742 iteratis:
1222 692 1339 761 quarn·

269 772 328 844 vis
349 770 385 843 dr
404 792 474 844 vos
496 770 557 863 ipsr
577 792 654 843 non
673 770 834 862 negetis,
867 770 947 859 quia
971 788 1048 842 non
1072 769 1179 843 debet
1200 771 1337 865 iterari,

269 871 375 962 quod
397 868 500 944 semel
510 868 637 984 jussum
654 868 704 942 est
719 866 809 942 fieri
835 866 905 940 Sed
924 867 1007 940 dum
1021 882 1061 938 tu
1076 865 1248 943 subtiliter
1264 872 1339 944 iau·

236 981 247 998 “’
267 968 383 1047 desti,
410 969 510 1060 quod
531 969 631 1042 omni
653 968 766 1040 laudis
790 971 977 1061 praeconio
997 968 1180 1066 dignum
1162 968 1232 1042 est:
1266 970 1338 1042 cal-

263 1068 342 1142 lide
363 1068 516 1143 vestram
533 1066 739 1160 supposuisti
759 1064 966 1161 personam,
993 1080 1034 1138 ut
1050 1055 1180 1159 quasr,
1191 1071 1270 1156 quia
1287 1068 1337 1143 se·

264 1169 343 1242 mel
362 1168 471 1261 licet,
491 1170 600 1240 vobis
618 1169 744 1252 liceat,
765 1167 841 1237 aliis
857 1167 1065 1260 denegetur.
1118 1166 1154 1237 Si
1166 1164 1336 1241 Tradito·

264 1269 371 1340 ribus
393 1287 470 1340 non
494 1268 598 1339 licet:
636 1266 744 1339 vobis
768 1269 881 1337 licere
899 1286 974 1337 non
997 1266 1147 1356 debuit,
1181 1285 1335 1356 quorum

263 1368 463 1481 principes
478 1370 673 1460 probamus
701 1362 802 1437 fuisse
823 1364 1048 1438 Traditores.
1107 1362 1144 1435 Si
1167 1362 1336 1439 Schisma·

231 1545 235 1558 ,
265 1466 351 1538 ticis
387 1467 603 1540 nonlicet·
640 1464 786 1556 adaeque
816 1464 923 1537 vobis
951 1464 1060 1537 licere
1090 1484 1166 1536 non
1197 1463 1335 1559 debuit,

265 1565 365 1660 apud
385 1586 483 1657 quos
495 1584 600 1661 ongo
621 1560 841 1638 schismatis
830 1563 1025 1638 invenitur.
1076 1563 1111 1634 Si
1135 1567 1336 1654 peccatori-

263 1663 353 1744 bus
362 1685 438 1736 non
455 1665 559 1737 licet.
587 1655 692 1736 etiam'
711 1665 922 1756 peccatores
939 1684 1014 1734 ¹vos
1037 1661 1106 1734 esse
1125 1661 1333 1738 testimonio

264 1762 399 1836 divino
417 1765 677 1836 convincimus
712 1761 761 1836 Et
773 1777 894 1838 tamen
908 1764 989 1853 quia
1006 1759 1109 1833 semei
1128 1764 1234 1853 iicet,
1257 1784 1334 1857 non

262 1881 336 1955 per
366 1860 516 1946 eiecium
545 1863 757 1952 homiuem,
795 1859 853 1934 sed
879 1882 941 1953 per
967 1861 1063 1952 quod
1091 1860 1196 1934 semel
1228 1865 1332 1936 licet:

260 1960 357 2032 ideo
376 1958 459 2052 post
479 1982 547 2032 vos
572 1980 646 2034 non
671 1958 917 2053 emendamus,
946 1963 1026 2052 quia
1046 1961 1078 2033 u
1097 1962 1190 2054 apud
1211 1982 1279 2033 nos
1298 1962 1333 2034 δι

227 2121 231 2132 .
263 2058 365 2152 apud
392 2079 490 2152 vos,
527 2080 633 2132 unum
659 2058 711 2132 est
731 2060 1009 2135 Sacramentum
1072 2056 1183 2151 Cujus
1211 2059 1333 2135 Sacra·

264 2158 384 2234 menti
401 2161 518 2251 ratio,
544 2172 624 2231 tota
641 2163 767 2251 quinto
781 2159 877 2232 libro
895 2083 1206 2234 demonstrabitur

228 2331 231 2336 ,
343 2261 377 2330 6
389 2256 439 2328 A
463 2258 684 2349 tequidem,
709 2258 822 2334 frater
848 2258 1098 2350 Parmeniane,
1125 2262 1237 2331 muita
1261 2273 1333 2332 tra·

264 2352 358 2428 &ata
378 2341 468 2431 sunt.
520 2355 590 2432 Sed
615 2359 726 2431 video
750 2359 835 2432 mihi
854 2380 930 2432 non
950 2381 995 2431 eo
1021 2357 1090 2431 effe
1114 2358 1334 2449 responden·

264 2455 351 2527 dum
373 2456 522 2548 ordine,
557 2477 632 2547 quo
656 2465 732 2530 ate
752 2456 843 2531 dieta
865 2456 944 2530 sunt
966 2459 1108 2554 singula.
1160 2456 1221 2527 Tu
1239 2459 1334 2538 enim

263 2554 384 2649 primo
398 2554 483 2628 loco
503 2554 618 2628 dixisti
637 2559 926 2649 comparationes
940 2559 1133 2645 laudesque
1147 2553 1335 2643 Baptisma·

262 2652 338 2743 tis,
373 2650 559 2747 &preter
583 2675 727 2730 carnem
751 2641 880 2727 Christi
905 2678 925 2726 a
951 2668 988 2726 te
1014 2655 1105 2726 male
1134 2651 1332 2745 trastatam,

223 2755 226 2760 '
264 2765 397 2826 cetera
420 2757 514 2826 bene
537 2753 673 2827 dixisti
721 2754 920 2825 Hocenirn
938 2752 1047 2847 magis
1071 2770 1138 2843 pro
1164 2753 1269 2825 nobis
1294 2767 1332 2826 te

219 2863 222 2872 '
265 2845 415 2944 dixisse,
449 2852 513 2924 suo
537 2854 625 2923 loco
653 2849 963 2924 demonstrabitur
1019 2850 1188 2924 Secundo
1211 2864 1332 2927 autem

219 3013 222 3018 .
252 2951 373 3052 ioco,
394 2952 542 3024 exclusas
558 2951 753 3048 haer'eticis,
777 2970 882 3024 unam
900 2948 1012 3023 dixisti
1030 2947 1099 3023 eise
1116 2948 1329 3026 Ecclesiam:

219 3131 221 3136 ,
263 3046 448 3142 sedeam,
475 3050 1015 3146 ubisrtagnoscerenolurstr
1074 3050 1329 3140 iertioloco,

264 3149 476 3235 traditores
482 3151 588 3222 nullis
614 3152 720 3226 certis
744 3149 905 3243 personis
928 3169 988 3221 aut
1004 3152 1210 3224 nominibus
1227 3171 1331 3222 accu-

264 3246 354 3325 sasti.
423 3253 567 3368 Quarto
593 3273 623 3324 a
643 3266 680 3324 te
704 3251 864 3324 unitatis
876 3253 1023 3322 lacerati
1054 3248 1133 3321 sunt
1161 3251 1328 3341 operarii.

243 3375 246 3380 ·
265 3349 434 3444 Quinto,
461 3365 501 3419 ut
520 3353 663 3423 minima
681 3353 970 3444 praetermittam,
996 3348 1110 3423 dixisti
1128 3350 1172 3422 de
1191 3352 1277 3421 oieo
1296 3350 1330 3422 dt

262 3401 447 3523 sacrificio
458 3452 671 3539 peccatoris.

343 3570 376 3642 7
405 3547 472 3617 Sed
502 3549 586 3619 mihi
618 3547 762 3618 videtur
792 3549 908 3639 primo
938 3547 1025 3617 loco
1053 3509 1330 3617 traditorum&
1392 3585 1395 3590 ·

264 3643 568 3724 schismaticorum
590 3645 794 3720 indicandas
818 3645 886 3717 elie
910 3646 1036 3715 civitat
1040 3665 1102 3735 es,
1138 3643 1329 3739 personas,

266 3743 485 3820 &nomina2
518 3759 558 3815 ut
580 3759 759 3832 qrraeate
783 3746 887 3817 dens
908 3742 996 3815 dibi
1016 3741 1115 3832 sunt,
1142 3762 1251 3816 veros
1271 3766 1330 3817 au

257 3859 370 3926 ‚tores
397 3844 429 3914 ἃ
455 3860 574 3916 certos
602 3863 685 3913 reos
710 3843 790 3916 suos
818 3819 1021 3938 agnoscant.
1078 3794 1218 3915 Deinde
1241 3846 1329 3918 mihi

265 3943 459 4020 dicendum
486 3943 554 4034 est,
589 3961 686 4056 qun,
713 3944 772 4016 vei
798 3946 856 4015 ubi
880 3944 921 4014 srt
944 3962 1013 4011 una
1040 3936 1218 4044 eccum,
1252 3959 1330 4033 qrae
1373 3982 1376 3986 ·

239 4041 347 4138 =esi:
382 4046 463 4138 quin
487 4057 575 4140 praet
577 4064 615 4118 er
639 4062 745 4120 unam
772 4043 882 4115 altera
906 4062 982 4118 non
1007 4027 1093 4119 est.
1120 4040 1276 4132 iertio,
1310 4063 1329 4116 a

776 4142 864 4244 Ag
1183 4094 1304 4218 nudas
1389 4239 1394 4245 ¹
