3200 4784
382 379 1330 480 sabonarisriauullasaoara.155

267 541 422 634 Clerici,
448 543 508 633 qui
526 542 642 642 legem
659 489 809 614 Domini
824 538 1013 614 asserentes
1029 540 1235 636 collectam,
1268 548 1332 621 do·

264 644 508 732 minicumque
529 623 735 714 constanter
760 637 955 712 &fortiter
980 642 1228 734 celebrabant,
1257 649 1333 737 qui·

267 764 338 831 que
359 738 548 835 scripturas
570 741 791 830 dominicas,
827 740 1020 830 divinaque
1048 739 1257 816 testamenta
1284 741 1337 820 de'

267 841 409 916 flamma
429 849 537 931 'atque
560 841 605 914 de
622 839 792 912 incendio
815 837 1090 926 conservantes,
1117 838 1152 913 se
1169 843 1263 935 ipsos
1281 847 1333 918 di·

266 943 316 1014 ris
343 943 512 1033 ignibus,
548 941 836 1034 cruciatibusque
871 938 1045 1031 diversis,
1081 939 1329 1020 Machabaeico

267 1061 393 1131 inore,
420 1060 487 1133 pro
506 1040 635 1111 drvrnrs
651 1039 786 1131 legibus
806 1040 930 1111 obtul
914 1053 1027 1113 runt.
1103 1103 1107 1114 ,
1343 1105 1348 1116 ,

347 1161 400 1231 17.
428 1137 481 1209 Ea
502 1143 610 1233 igitur
630 1135 859 1229 tempestate,
892 1156 972 1210 cum
999 1137 1166 1211 horridus
1193 1161 1330 1236 carcer,
1397 1157 1399 1164 ·

269 1238 456 1329 crassaque
483 1240 640 1310 tenebrae
666 1237 759 1308 intra
779 1232 814 1307 se
837 1235 972 1307 clausos
1001 1239 1200 1312 retinerent
1224 1239 1332 1315 testes
1355 1321 1358 1334 ,

228 1341 231 1352 ’
268 1338 481 1412 lidelrffimos
502 1337 592 1429 Dei,
624 1339 657 1407 δι
681 1336 839 1431 ingentia
860 1352 1063 1408 catenarum
1085 1340 1247 1430 pondera
1271 1341 1333 1413 de·

269 1452 360 1509 vota
375 1439 531 1512 membra
548 1439 750 1526 vincirent,
777 1454 857 1506 cum
875 1436 1078 1507 debilitaret
1094 1437 1227 1529 sames,
1254 1439 1333 1512 fati·

268 1557 368 1633 garet
388 1540 483 1629 litis,
509 1535 618 1650 frigits
645 1546 832 1628 quateret,
859 1536 963 1607 turba
985 1539 1258 1631 comprimeret,
1285 1540 1334 1613 la·

270 1653 348 1709 tera
365 1636 436 1728 ipsa
458 1638 596 1709 recenti
620 1635 829 1730 ungularum
850 1634 1072 1712 laceratione
1092 1634 1244 1729 disrupta
1263 1633 1332 1710 fer·
1352 1669 1355 1675 ¹

269 1751 421 1827 vetent,
454 1741 549 1808 inter
569 1749 712 1806 catenas
732 1734 765 1804 tr
783 1731 915 1825 ferrum
936 1732 1238 1827 instrumentaque
1258 1733 1333 1809 tor-¹

269 1851 474 1908 mentorum
498 1858 541 1906 ex
561 1833 773 1905 autioritate
794 1832 881 1924 legis
903 1833 1054 1921 divinae,
1081 1837 1179 1924 quod
1193 1836 1333 1911 sibimet

270 1935 492 2026 posterisque
525 1933 748 2024 Martyribus
784 1927 1069 2014 conservarent,
1108 1937 1331 2011 celebrantes

270 2035 487 2125 concilium,
514 2031 664 2104 coelestia
680 2031 825 2104 decreta
843 2032 1060 2109 condebant.
1118 2033 1216 2106 Vere
1237 2039 1333 2112 enim

269 2135 378 2206 vivus
406 2135 466 2205 ille
488 2123 638 2225 Spiritus
662 2131 696 2204 S
747 2127 1000 2204 Conseliorum
1024 2147 1163 2206 mentes
1190 2140 1332 2210 aeternis

271 2232 456 2325 aspirando
483 2231 667 2304 &divinis
692 2231 883 2320 colloquiis
908 2236 1111 2308 exercebat.
1163 2233 1232 2308 Sed
1249 2236 1332 2328 post

271 2335 451 2404 crudelem
470 2331 716 2423 tempestatem
735 2352 775 2402 ac
793 2330 1049 2420 persecutionis
1065 2332 1254 2407 horribiles
1269 2338 1334 2408 mi·

271 2453 359 2518 nas,
393 2433 520 2521 quibus
539 2430 767 2503 Christianam
784 2430 992 2522 religionem
1008 2436 1194 2522 tyrannica
1213 2435 1332 2507 rabies

269 2530 521 2621 infestaverat,
541 2550 614 2620 quo
631 2532 759 2602 iterum
777 2531 900 2618 purior
917 2549 958 2600 ac
975 2528 1133 2600 serenior
1145 2530 1333 2605 Christiani

271 2633 424 2705 nominis
451 2653 520 2723 pax
540 2644 670 2702 aeterna
693 2625 911 2717 lucesceret,
944 2647 1013 2697 nec
1034 2627 1148 2700 desuit
1163 2628 1332 2703 Tradito·

270 2751 347 2803 rum
366 2735 523 2800 omnium
548 2725 756 2798 callidissima
772 2724 894 2813 ¹fraus,
921 2726 1212 2817 conspiratioque
1228 2731 1332 2823 pesti-

269 2829 429 2900 ferorum
445 2826 695 2916 nausragornm
713 2823 888 2895 diabolica
911 2837 987 2896 arte
1010 2827 1227 2922 composita,
1254 2852 1332 2921 quae

271 2925 332 2998 sub
350 2940 526 3017 pretextu
538 2922 718 3018 religionis
734 2922 971 3036 religionem
963 2942 1204 3019 impugnaret,
1223 2925 1332 3007 sidem

272 3040 474 3114 everteret,
502 3024 635 3118 legem,
658 3021 876 3114 divinaque
867 3043 943 3113 rura
957 3028 1138 3114 turbaret,
1164 3033 1333 3124 maxime,

273 3144 353 3195 cnm
379 3125 484 3197 etiam
510 3119 711 3196 Mensurius
732 3119 1020 3216 carthaginensis·
1037 3128 1214 3216 quondam
1233 3126 1334 3219 Epis-

274 3243 389 3311 copus
412 3224 549 3296 recenti
564 3220 822 3337 'scripturarum
841 3222 1036 3296 traditione
1053 3228 1234 3317 pollutus,
1261 3227 1334 3300 sce·
1390 3233 1392 3240 '

273 3325 355 3395 letis
376 3322 423 3393 sui
443 3324 630 3394 amentiam
651 3322 779 3413 pejore
798 3307 955 3415 coepilset
973 3319 1109 3396 ferocia
1132 3327 1340 3417 publicaret

273 3431 407 3513 quippe
427 3422 485 3510 qui
507 3419 775 3494 combustorum
801 3422 940 3493 veniam
961 3420 1135 3500 librorum
1158 3426 1335 3517 aMarty-
1407 3483 1409 3488 .

272 3523 370 3593 ribus
394 3519 542 3613 poscere
568 3534 674 3609 atque
697 3520 889 3612 implorare
912 3520 1109 3611 debuerat,
1135 3522 1260 3595 delisia
1275 3523 1336 3606 sua
1348 3553 1353 3576 =·

273 3622 467 3711 majoribus
489 3617 629 3713 flagitiis
652 3619 872 3704 cumularet,
907 3637 952 3688 eo
973 3621 1093 3692 animo
1112 3623 1278 3694 saeviebat
1296 3627 1336 3698 in

274 3719 477 3811 Martyres,
504 3738 576 3810 quo
594 3717 732 3789 divinas
749 3716 943 3789 tradiderat
958 3716 1065 3812 leges.
1117 3719 1259 3795 Etenim
1276 3723 1337 3796 hic

276 3830 431 3932 tyranno
447 3816 595 3909 saevior,
623 3813 789 3888 carnifice
809 3816 1010 3892 crudelior,
1034 3817 1206 3893 idoneum
1229 3822 1336 3896 scele

274 3920 324 3986 ris
342 3915 390 3989 sui
408 3916 603 3992 ministrum
622 3914 827 3988 Diaconum
843 3911 941 3990 su'um
959 3915 1067 4012 elegit
1086 3917 1335 4014 Caecilianum;

275 4014 441 4110 idemque
462 4020 562 4112 lora,
595 4013 758 4112 &flagra
780 4034 861 4089 cum
880 4015 1022 4090 armatis
1041 4032 1126 4094 ante
1143 4019 1242 4095 sores
1263 4043 1344 4098 car·

1193 4141 1285 4193 ceris
