3200 4784
612 417 755 488 114
1118 341 1135 356 ι
1280 389 1720 469 :On-Arx
1786 392 2059 490 Aru-
2171 377 2176 381 ’

624 557 649 566 “
759 578 832 643 4.
882 550 1074 630 Nam
1109 554 1320 645 aliqui
1364 576 1461 628 ex
1494 554 1729 627 vobis·
1751 557 2095 653 volent-es
2125 575 2266 632 nos
2294 543 2580 652 populis
2612 561 2758 638 suis

614 657 1196 735 contemnendos
1232 651 1659 744 ostendere,
1703 654 1770 726 &
1791 656 1934 747 jam
1968 657 2144 728 illud
2168 658 2469 734 miscent
2501 662 2757 739 tratta-

558 849 567 855 ,
613 763 809 835 tibus
859 753 995 830 suis
1049 751 1248 846 quud
1296 774 1336 826 a
1394 753 1798 848 Salomone⁸
1845 755 2208 850 Propheta
2267 758 2529 835 dietum
2591 761 2695 835 est
2725 786 2752 838 ε

614 858 859 946 Muscae
906 861 1227 925 moritura
1277 862 1717 924 exterminant
1769 855 1887 924 olei
1936 857 2364 941 suavitatem.-
2434 859 2506 932 &
2558 862 2753 952 quasi

524 1039 529 1044 ,
612 955 888 1035 muscas
926 956 1310 1028 morituras
1342 974 1479 1026 nos
1506 955 1901 1047 appellant:
1957 956 2026 1028 ἀ
2061 957 2305 1030 oleum
2337 962 2755 1057 nominant,

613 1060 816 1134 illum
846 1053 1117 1126 seilicet
1148 1056 1542 1142 liquorem,
1598 1053 1846 1143 quiex
1877 1055 2173 1129 nomine
2212 1055 2468 1131 Christi
2504 1059 2758 1135 con'di·

606 1171 771 1245 gur:
816 1151 1343 1245 quod-,chrisma
1370 1150 1740 1245 postquam
1776 1154 2151 1228 conditum
2183 1154 2284 1228 est
2309 1161 2757 1239 nominatur.

611 1256 1029 1345 Antequam
1081 1249 1207 1325 fiat
1240 1306 1266 1345 ‚
1333 1252 1585 1323 adhuc*
1615 1253 1856 1326 oleum
1909 1252 2050 1344 est,
2103 1271 2358 1329 natura
2405 1257 2750 1352 fimplex;

515 1351 520 1356 ’
611 1355 747 1441 fiet
782 1354 1045 1444 suave,
1100 1352 1266 1425 dum
1315 1351 1407 1423 de
1455 1355 1752 1424 nomine
1791 1348 2046 1424 Christi
2085 1356 2448 1431 conditur.
2549 1354 2755 1455 Erg‘o

612 1470 764 1529 tres
830 1474 947 1532 res
1012 1453 1173 1526 sunt
1239 1472 1409 1542 quas
1466 1450 1815 1523 Salomon
1867 1450 2230 1543 Propheta
2294 1456 2753 1535 nominavit:

614 1559 905 1642 oleum,
946 1550 1367 1628 suavitatem
1390 1603 1414 1640 ‚
1453 1549 1520 1620 &
1552 1548 1819 1623 muscas
1852 1553 2238 1641 morituras
2275 1557 2756 1632 exterminani·

610 1667 725 1727 tes
748 1652 1195 1725 suavitatem.
1262 1647 1411 1722 lstae
1430 1660 1573 1721 tres
1601 1669 1715 1722 res
1750 1650 1915 1722 loca
1934 1649 2052 1724 sua
2072 1653 2434 1730 habentia
2459 1658 2746 1742 ordine.

609 1753 858 1829 Primo
892 1753 1067 1823 loco
1091 1749 1193 1823 est
1218 1752 1499 1824 oleum:
1540 1743 1852 1822 secundo
1883 1749 2192 1825 suavitas
2225 1753 2316 1826 de
2343 1753 2748 1831 confefflo-

610 1875 742 1930 ne:
775 1855 1026 1941 tertie,
1042 1847 1295 1924 muscae
1312 1851 1704 1924 morientes
1726 1853 2277 1926 exterminantes
2299 1852 2748 1934 suavitatem.

614 1953 961 2053 Quisquis
990 1951 1091 2024 est
1115 1955 1271 2023 talis
1296 1947 1641 2021 tractator
1662 1971 1751 2042 ex
1771 1950 1990 2023 vobis
2006 2003 2030 2041 ,
2069 1953 2335 2043 probet
2359 1955 2742 2044 quomodo

611 2075 751 2128 nos
776 2050 1043 2124 muscas
1068 2049 1451 2122 'morituras
1473 2049 1804 2141 appellat.
1858 2046 1927 2121 Si
1944 2051 2131 2142 apud
2147 2072 2286 2125 vos
2313 2054 2580 2143 putatis
2599 2054 2745 2131 ess'e

553 2205 556 2214 -
615 2151 1155 2225 confefflonem
1193 2169 1343 2240 quae
1370 2148 1492 2219 det
1528 2149 1700 2220 oleo
1741 2148 2201 2223 suavitatem:
2249 2149 2349 2222 est
2379 2152 2564 2246 apud
2598 2174 2745 2229 voe

612 2257 861 2325 oieum
889 2255 953 2323 δι
980 2247 1307 2322 suavitas.
1376 2246 1724 2339 Nunquid
1751 2267 1887 2320 nos
1917 2250 2467 2330 exterminamus
2495 2254 2744 2328 oleum

608 2350 932 2426 vestrum
952 2394 973 2432 ‚
1024 2361 1108 2420 ut
1131 2349 1391 2423 merito
1424 2367 1561 2420 nos
1594 2345 1862 2420 muscas
1891 2349 2278 2422 morituras
2314 2351 2683 2443 appelletis
2703 2352 2745 2426 2

614 2450 843 2549 Quod
885 2447 1199 2522 vestrum
1238 2446 1389 2541 est,
1455 2447 1639 2546 apud
1679 2466 1815 2519 vos
1852 2445 1976 2523 est.
2075 2445 2175 2519 Et
2216 2448 2268 2521 fi
2317 2471 2356 2522 a
2395 2452 2610 2524 vobis
2653 2452 2745 2526 ad

611 2571 755 2627 nos
812 2550 1060 2642 aliquis
1105 2546 1471 2622 transitum
1520 2545 1818 2619 fecerit:
1883 2547 1979 2619 fic
2030 2568 2070 2619 a
2119 2547 2337 2620 nobis
2388 2548 2742 2644 servatur,

612 2653 993 2744 quomodo
1026 2671 1065 2722 a
1097 2651 1315 2720 vobis
1346 2645 1768 2720 dimittitur:
1835 2646 2213 2736 quomodo
2249 2647 2518 2724 dicitis,
2573 2652 2739 2742 quia

610 2771 751 2830 nos
800 2748 1031 2824 sumus
1076 2747 1326 2821 muscae
1359 2748 1727 2820 moriturae
1780 2743 2198 2819 suavitatem
2236 2747 2382 2821 olei
2416 2768 2739 2824 corrum-
