3200 4784
313 437 356 516 f
415 423 899 508 uaDouanr'draauu
923 423 1178 514 ilrsno'nrrl.
1265 449 1337 528 235

225 649 227 656 ·
271 631 275 640 ·
338 593 482 671 Interea
508 583 712 665 Marotilum
738 589 933 686 gloriosum
959 589 1101 664 beatam
1129 597 1338 671 certaminis

225 709 227 752 ῑ
261 694 314 774 sui
332 691 519 792 perfecisse
540 691 727 765 vitiorium
745 693 852 786 intra¹
865 689 955 761 solas
978 691 1130 765 militum
1151 694 1339 770 conscien-

225 807 229 853 ῑ
264 801 332 871 tias
354 797 570 869 celabatur.o
603 790 657 864 lta
680 790 774 862 enim
795 786 977 878 nocturno
996 788 1138 863 silentio
1158 794 1340 894 furtivum
1379 867 1385 878 ,
1417 863 1422 876 ,

225 909 227 924 ’
266 895 607 971 consummaverant·
626 888 765 980 scelus,
800 902 841 960 ut
865 908 935 961 nec
957 890 1018 960 vel
1042 891 1080 962 in
1102 892 1270 988 castello,
1297 897 1365 978 iti.

225 1007 227 1056 ῑ
260 1017 341 1089 quo
359 996 479 1069 fuerat
492 991 710 1083 asservatus,
736 1004 808 1064 tant
825 988 869 1062 de
887 991 1067 1061 extraneis
1084 1011 1188 1082 quam
1207 995 1253 1067 de
1267 994 1340 1068 fra·
1402 1041 1406 1049 -

265 1098 379 1169 tribus
398 1091 477 1168 sciri
490 1089 684 1187 potuisset,
710 1089 773 1164 nist
788 1109 863 1161 rem
879 1087 1008 1186 gestatu
1026 1089 1159 1163 divinae
1181 1094 1339 1168 virtutes

268 1197 303 1268 dt
324 1193 475 1268 caelestia
496 1191 591 1288 ligna
607 1186 854 1284 prodidissent.¹
904 1187 998 1262 Nam
1014 1189 1074 1260 ubi
1093 1191 1244 1281 primum
1265 1196 1339 1270 diei
1367 1194 1369 1198 ’

267 1289 479 1368 albescentis
495 1287 667 1386 ingressus
685 1290 861 1382 pallorem
878 1290 976 1383 globi
996 1289 1109 1361 noctis
1123 1292 1283 1383 infudit,
1302 1294 1339 1367 dt

267 1397 487 1469 discolorem
498 1392 580 1464 uoeli
597 1389 973 1463 faciem'tenebrarum
990 1399 1031 1488 ac·¹
1049 1390 1139 1462 lucis
1160 1391 1340 1468 discordia

268 1496 445 1581 variavit,
468 1491 648 1572 continuo
663 1487 727 1562 sub
740 1489 903 1582 ejusdem
921 1488 1056 1573 montis
1072 1493 1209 1584 gremio
1223 1488 1339 1584 splen·¹

269 1595 349 1667 dida
375 1596 491 1666 nubes
514 1590 697 1688 apparuit,
731 1588 911 1662 interdum
939 1588 1084 1681 fulgore
1111 1595 1339 1682 promicante
1371 1588 1374 1596 “

269 1692 450 1766 consciam
469 1691 506 1764 se
525 1692 572 1762 ds
590 1689 769 1782 Martyris
787 1703 946 1784 corpore
966 1689 1101 1788 blando
1127 1693 1262 1764 lumine
1284 1705 1340 1764 tei
1363 1753 1365 1758 .

268 1793 438 1865 stabatur.
455 1805 459 1810 ·
490 1789 622 1880 Neque
639 1787 810 1868 animilia
826 1791 1009 1862 matutinis
1030 1792 1174 1862 roribus
1190 1792 1341 1885 grauida

270 1890 374 1966 fusco
387 1890 547 1985 tegmine·
562 1887 707 1960 vividos
727 1887 1005 1961 obumbraverat
1020 1891 1155 1976 colles3
1182 1890 1240 1963 sed
1256 1912 1340 1964 can·

272 1992 360 2064 dido
381 1990 618 2061 vellere‘tota
636 1985 852 2081 praefulgens
868 1985 913 2059 stc·
934 1990 1092 2061 membra
1113 1989 1231 2063 felicia
1249 2012 1340 2063 con·
1394 2071 1396 2082 ¹

272 2092 446 2185 tegebat,
483 2102 524 2159 ut
558 2084 772 2159 cessantibus
792 2084 981 2178 ¹paulisper
1012 2090 1185 2187 humanis
1211 2087 1342 2165 officiis
1393 2089 1396 2102 '

275 2188 438 2264 amictum
463 2188 734 2283 quodammodo
749 2184 947 2294 (sepultura
973 2185 1044 2277 ipsa
1069 2191 1213 2266 interim
1240 2191 1342 2264 enhi-

273 2291 361 2363 bere
388 2288 595 2377 videretur3
630 2299 707 2379 quae
726 2286 768 2358 ad
791 2285 864 2358 hoc
887 2285 1065 2363 interdum
1090 2287 1247 2364 ¹tremulo
1265 2287 1341 2364 fine
1394 2359 1398 2368 .

274 2387 437 2481 descisso,
449 2385 735 2481 -bernexuosos
753 2385 870 2459 hiatus
890 2385 1041 2458 corusco
1060 2390 1141 2485 igne
1158 2392 1341 2484 vibrabat,
1393 2416 1396 2423 ·

274 2502 316 2561 ut
342 2502 404 2562 aut
430 2486 725 2580 tantis'pallronis
750 2488 893 2578 ignaros
915 2484 1097 2578 stupendis
1119 2492 1342 2586 magnalibus

276 2588 507 2671 admoneret,¹
539 2601 601 2659 aut
625 2587 706 2678 quia
723 2585 841 2657 adhuc
860 2598 937 2655 erat
954 2587 1070 2676 aliqua
1088 2587 1133 2660 de
1151 2592 1353 2664 vicinitate

269 2687 391 2762 noetis
414 2685 631 2777 obscuritas,
667 2683 877 2756 inveniendi
900 2685 1065 2779 corporis
1087 2687 1183 2762 viam
1202 2690 1343 2765 devote
1408 2733 1411 2740 ι

275 2788 517 2877 quarentibus
536 2783 807 2857 demonstraret.

352 2886 418 2957 His
432 2886 541 2978 igitur
560 2883 822 2957 admirabilibus
835 2880 905 2954 Dei
922 2883 1126 2956 admonitus
1143 2877 1345 2965 fraternita-

276 2986 321 3057 tis
335 2982 465 3056 faruor
479 2980 624 3070 exarsit,
645 2995 821 3072 totusque
836 2981 897 3053 ille
914 2981 1032 3056 subito
1047 2987 1149 3057 locus
1166 2988 1346 3065 exultanti

278 3088 436 3158 clamore
455 3084 658 3174 completus
674 3080 744 3163 est,
771 3101 813 3152 ac
830 3082 998 3179 religioso
1014 3083 1166 3155 discursu
1183 3098 1273 3159 vota
1291 3088 1347 3161 in·

276 3186 395 3256 vicem
416 3186 618 3266 communia
639 3183 909 3256 nuntiaverunt.
959 3180 1069 3255 Tunc
1085 3182 1260 3257 derelitlis
1280 3186 1347 3268 do·

279 3285 396 3363 mibus
410 3283 539 3374 raptim
555 3284 670 3355 omnis
686 3279 788 3362 sexus
803 3293 910 3371 atque
928 3296 1011 3353 aetas
1022 3282 1163 3376 egressa
1183 3283 1226 3354 ad
1241 3305 1346 3366 mon-

278 3397 352 3455 tem
371 3383 504 3474 pariter
517 3403 558 3453 ac
574 3383 705 3454 nubem
721 3379 895 3462 desiderio
910 3380 1084 3473 Martyris
1101 3384 1347 3458 convolabat:
1363 3441 1368 3448 .

279 3504 349 3558 nec
369 3483 476 3554 ullam
492 3482 566 3552 illic
586 3482 734 3553 animam
756 3489 903 3571 poterat
926 3495 988 3551 aut
1012 3480 1202 3553 senectutis
1222 3483 1349 3555 debili·

279 3595 355 3670 tas,
388 3594 449 3653 aut
469 3581 630 3673 pueritie
652 3577 863 3669 infirmitas,
898 3593 959 3649 aut
982 3578 1083 3652 sexus
1105 3580 1274 3675 fragilitas
1292 3602 1350 3656 re·

280 3682 433 3754 tardare.
486 3679 623 3752 Omnes
645 3681 739 3752 enim
762 3678 867 3750 unius
889 3674 973 3748 fidei
995 3680 1101 3750 ardor
1119 3680 1348 3760 accenderat.

283 3780 375 3854 Cum
400 3799 491 3850 vero
519 3779 562 3852 ad
587 3779 646 3849 illa
669 3779 752 3849 loca
773 3798 852 3867 quae
878 3777 1076 3868 praecipitio
1102 3776 1347 3875 subjacebant,

282 3878 450 3952 festinans
473 3879 578 3951 turba
605 3875 784 3969 venisset,
820 3896 912 3967 quos
941 3876 1184 3970 conglobatos
1211 3877 1351 3956 fecerat

283 3978 440 4052 intentio
455 3998 530 4051 tana
545 3977 731 4064 currendi,
753 3997 841 4050 mox
855 3997 920 4070 per
940 3990 1062 4051 totum
1078 3993 1239 4060 montem
1255 3991 1350 4072 quaee'

282 4079 388 4155 rendi
407 4078 574 4176 corporis
597 4097 681 4159 cura
703 4075 873 4176 dispertit.
932 4073 1023 4158 Erat
1040 4077 1114 4162 illic
1132 4078 1354 4251 cernetaqdiq'·

632 4210 634 4214 ·
1230 4198 1317 4251 uta
