3200 4784
583 423 681 496 60
1278 414 1686 494 'On-An
1754 415 1999 494 Arar

585 593 727 656 nec
769 579 937 654 dum
972 575 1359 672 proposltis
1398 579 1658 651 tabulis
1703 579 1916 674 legis,
1969 578 2047 650 in
2090 578 2346 670 quibus
2383 575 2726 674 scriptum

585 693 784 771 erat,
838 683 1000 752 Non
1034 679 1297 768 occides,
1348 679 1483 752 tr-ia
1514 680 1704 751 milia
1741 681 2108 751 hominum
2148 701 2298 751 uno
2335 698 2717 755 momento

578 779 771 874 jussit
812 778 1071 851 occidi.
1168 775 1892 852 Macariumrdifferte
1935 776 2325 871 paulisper,
2379 779 2719 856 Phineem

585 877 811 952 filium
840 876 1263 960 sacerdotis,
1301 897 1509 968 quem
1544 879 1764 972 paulo
1792 889 1957 950 ante
1983 880 2426 971 memoravi,
2482 882 2717 972 primo

585 979 661 1052 iu
700 978 1039 1069 Judicium
1081 991 1530 1067 provocate:
1600 977 1648 1050 fi
1693 993 1929 1050 tamen
1983 978 2432 1050 inveneritis·
2459 994 2719 1072 praeter

584 1076 827 1151 Deum
863 1079 1163 1167 aliquem
1197 1075 1533 1168 judicem.
1635 1075 1824 1150 Nam
1853 1078 2046 1168 quod
2083 1077 2424 1150 accusatis
2449 1080 2526 1150 in
2566 1100 2720 1170 per-

586 1177 760 1251 sona
804 1177 1015 1269 ipsius
1045 1229 1070 1269 ‚
1140 1197 1179 1246 a
1224 1175 1394 1247 Deo
1438 1175 1796 1250 laudatum
1843 1174 1946 1248 est
1993 1177 2192 1266 quod
2237 1180 2310 1250 in
2359 1180 2526 1250 zelo
2579 1178 2722 1252 Dei

584 1276 843 1352 fastum
886 1274 1007 1348 est.
1122 1273 1558 1368 Supprimite
1592 1277 1879 1348 interim
1919 1297 2147 1348 voces
2172 1329 2196 1367 ‚
2251 1279 2528 1367 quasin
2558 1277 2719 1350 Ma-

586 1376 855 1450 carium
907 1371 1123 1448 dietat
1178 1376 1470 1451 invidia.
1592 1375 1975 1458 Recurrite
2039 1377 2276 1468 primo
2341 1375 2430 1448 ad
2487 1373 2719 1452 Eliam

496 1521 521 1548 Ι
582 1476 1060 1572 prophetam,
1118 1477 1350 1565 quiin
1387 1477 1555 1547 rivo
1602 1474 1859 1564 cison,
1913 1495 2074 1549 cum
2128 1490 2410 1568 pareret
2455 1477 2723 1548 volun·

584 1576 713 1648 tati
753 1570 936 1664 Dei,
990 1575 1552 1688 quadraginta&
1582 1575 2142 1671 quadringentos
2177 1576 2473 1672 occidit‚
2577 1576 2719 1648 Sed

583 1673 781 1750 forte
809 1673 1072 1764 dicitis,
1112 1674 1275 1744 illos
1303 1674 1567 1752 merito
1598 1674 1910 1766 occisos,
1949 1674 2119 1748 istos
2145 1676 2458 1770 indigne.
2510 1674 2719 1749 Nun-

586 1795 797 1865 quam
842 1771 1154 1862 sequitur
1198 1771 1554 1861 vindicta,
1608 1774 1731 1846 nist
1777 1775 1929 1865 ejus
1980 1773 2432 1848 antecess‘erit
2485 1774 2711 1851 causa.

582 1872 1011 1945 Vindicavit
1062 1869 1185 1966 (ut
1226 1871 1571 1970 diximus)
1615 1872 1964 1967 Moyses,
2029 1875 2432 1947 vindicavit
2489 1873 2714 1967 Elias,

582 1972 991 2046 vindicavit
1030 1971 1385 2059 PhineeS,
1365 1996 1382 2012 ·
1459 1973 1524 2045 &
1560 1993 1714 2045 non
1753 1976 2024 2066 vultiS‚
2087 1988 2170 2047 ut
2204 1993 2359 2047 non
2396 1973 2718 2046 vindica·

572 2073 782 2171 verit
825 2071 1209 2146 Macarius,
1331 2071 1537 2146 Nihil
1588 2027 2095 2166 offenderant,
2151 2075 2270 2164 qui
2319 2073 2534 2147 occifi
2576 2073 2720 2147 effe

572 2137 947 2248 dicuntur.
1050 2168 1169 2243 Fit
1201 2166 1561 2244 Macarius
1600 2193 1807 2265 reus,
1861 2175 1933 2246 in
1977 2194 2070 2247 eo
2113 2173 2311 2266 quod
2349 2171 2538 2246 solus
2579 2193 2716 2244 no-

583 2273 695 2347 bis
726 2271 1234 2365 nescientibus,
1273 2272 1339 2346 δι
1368 2273 1581 2346 vobis
1603 2227 2184 2366 provocantibus
2187 2267 2411 2348 fecit.
2463 2273 2713 2367 Quare

582 2374 801 2447 nobis
840 2371 924 2445 fit
950 2373 1273 2465 invidia,
1328 2393 1491 2446 cum
1534 2375 1762 2446 aliena
1795 2374 1931 2448 fint
1975 2370 2210 2446 faeta?
2262 2369 2410 2445 Et
2389 2392 2464 2444 m
2481 2372 2709 2444 vobis

586 2472 690 2546 est
724 2471 963 2566 causa,
1018 2475 1178 2563 quia
1213 2487 1515 2568 propter
1546 2493 1732 2554 vos,
1783 2475 1904 2564 qui
1939 2473 2116 2546 foris
2153 2471 2423 2563 fuistis,
2475 2493 2714 2562 quam-

584 2593 793 2664 quam
842 2572 908 2643 &
946 2591 1141 2645 nunc
1173 2572 1352 2645 foris
1399 2571 1539 2646 ess'e
1574 2573 2004 2663 videamini,
2069 2555 2385 2645 eveniffe
2415 2570 2712 2643 dicitur.

582 2691 736 2745 non
764 2683 1083 2764 ,propter
1128 2693 1305 2776 nos,
1362 2675 1478 2764 qui
1521 2674 1714 2744 intus
1749 2674 2199 2813 habitamus,
2242 2671 2311 2744 &
2348 2690 2712 2773 nunquam
