3200 4784
330 418 336 429 '
409 377 902 493 »submersurum
925 403 1201 501 simonis.-
1263 424 1343 501 515.

795 534 800 563 i

269 570 457 665 quamdam
468 571 646 646 bonorem
659 567 756 645 suum
765 567 1204 660 meritumquedestruere.
1221 569 1339 671 Quid.

269 673 356 764 quid
371 673 482 761 velit,
504 671 740 760 quonomine
755 670 864 759 velit,
886 689 959 761 quo
973 667 1093 760 potest
1106 686 1336 767 argumento,

266 773 354 844 huic
368 771 429 863 ipsi
447 770 557 842 causae
573 789 708 842 nomen
725 760 910 863 imponat,
928 765 1067 841 necesse
1086 767 1156 860 est,
1173 784 1235 860 ut,
1252 771 1338 861 quia

262 873 398 944 iterum
416 883 620 962 provocat,
645 873 785 962 petitor
801 865 948 939 adsrstat.
998 866 1130 961 Utrum
1145 890 1214 964 ego
1232 869 1336 943 dixe.

263 971 334 1042 rim
360 989 499 1060 necne,
525 981 644 1042 utrum
664 989 751 1040 vere
770 968 937 1056 dixerim,
966 988 1057 1039 anne
1078 965 1334 1064 confinxerim,

266 1091 351 1142 cum
375 1069 479 1162 ipfius
504 1067 758 1160 propositione·
777 1085 1014 1162 cognover03
1050 1086 1132 1141 cum
1157 1089 1219 1157 ea,
1255 1090 1334 1160 quae

262 1170 353 1244 mihi
373 1169 503 1258 objicit
527 1188 612 1240 vera
637 1150 729 1250 elle,
755 1166 790 1238 tr
813 1187 857 1238 ex
875 1187 934 1238 me
953 1168 1095 1256 prolata
1115 1167 1335 1263 constiterit,

263 1266 356 1341 'tunc
378 1268 524 1340 demum
549 1265 690 1340 necesse
710 1265 790 1357 est,
826 1265 1022 1339 eorundem
1044 1286 1101 1339 me
1123 1267 1333 1341 intentioni·

262 1371 334 1441 bus
348 1365 577 1460 respondere.
632 1367 743 1438 Videt
755 1383 841 1460 ergo
855 1365 1043 1458 prudentia
1057 1378 1138 1443 tua,
1158 1365 1230 1440 fine
1247 1388 1334 1462 pro·

264 1479 428 1540 vocante
443 1462 691 1559 respondentis
714 1464 784 1538 else
807 1462 1016 1554 superfluam
1031 1463 1237 1558 personam,
1262 1466 1333 1541 nec

264 1564 369 1661 posse
389 1584 599 1654 quemquam
620 1562 701 1635 dici
711 1563 1009 1667 respondentem,
1034 1563 1097 1637 nili
1120 1565 1238 1658 primo
1257 1565 1335 1640 fuc-

264 1666 317 1737 rit
346 1679 586 1756 provocator.
647 1661 746 1756 Ergo
770 1663 794 1736 ss
820 1664 1081 1757 provocatoria
1107 1665 1223 1745 loco,
1258 1666 1334 1740 hoc

265 1763 340 1854 est,
367 1761 465 1854 quod
484 1764 615 1835 dicitur
631 1764 824 1853 petitoris,
861 1760 1012 1852 adsrstit,
1046 1760 1205 1837 instituat
1225 1765 1334 1842 allio·

262 1885 378 1953 nem,
414 1864 470 1934 cui
492 1860 709 1951 respondere
735 1863 896 1937 debeam.
952 1860 1137 1953 Saepiffima
1162 1865 1257 1938 enim
1282 1867 1338 1943 db.

265 1977 376 2052 cunt,
402 1982 470 2034 nos
485 1961 668 2052 superfluis
689 1961 895 2036 moratoriis
914 1963 987 2051 uti,
1015 1983 1062 2034 ne
1083 1962 1125 2035 ad
1142 1967 1330 2058 negotium

263 2063 445 2136 veniatur.
476 2127 479 2133 .
499 2061 596 2155 Ergo
611 2082 693 2134 cum
710 2059 775 2133 iste
790 2059 901 2133 cardo
918 2059 959 2131 fit
977 2059 1110 2152 causae,
1136 2077 1178 2134 ut
1193 2065 1245 2157 is,
1270 2067 1332 2154 qui

265 2165 417 2235 alterum
440 2162 477 2233 in
495 2162 666 2252 judicium
684 2159 828 2240 vocat,
860 2159 1047 2234 instituere
1071 2158 1247 2237 actionem
1271 2165 1333 2236 de·

264 2263 374 2349 beat,
402 2261 435 2332 br
456 2280 665 2352 provocare
684 2261 727 2333 ad
744 2257 1030 2353 responfionem,
1057 2262 1225 2334 advertat
1243 2283 1331 2354 prae·

263 2358 391 2433 stantia
406 2374 485 2446 tua,
520 2381 585 2434 eos
608 2359 774 2452 prosequi
795 2361 950 2451 debere,
976 2375 1096 2431 utrum
1112 2359 1241 2438 nobis,
1268 2363 1331 2440 vel

265 2480 370 2549 quam
392 2458 578 2533 instituant
602 2459 806 2543 astionem,
838 2473 880 2531 ut
907 2457 1126 2548 respondere
1150 2458 1329 2548 poffimus.

265 2561 315 2632 Et
334 2563 398 2632 alia
417 2584 524 2634 manu.
562 2557 741 2631 Emeritus
764 2555 964 2648 Episcopus
992 2554 1094 2628 salvo
1119 2554 1251 2630 effediu
1273 2580 1333 2653 ap·

262 2659 471 2753 pellationis
489 2655 618 2728 nostrae
634 2658 849 2750 recognovi.

347 2779 383 2828 11
391 2775 425 2844 5.
457 2757 661 2824 Marcellinus
674 2761 731 2824 vir
745 2753 930 2850 clarifflrnus
942 2746 1109 2847 fl‘rlbunus
1121 2751 1161 2830 (ὅ
1170 2758 1331 2828 Notarius

263 2855 376 2926 dixis:
405 2851 532 2925 Edicat
546 2873 625 2944 pars
642 2851 852 2943 Catholici,
878 2868 998 2927 utrum
1018 2875 1039 2927 e
1057 2852 1199 2928 diverso
1213 2856 1331 2932 sisten-

263 2956 360 3029 tibus
380 2955 622 3046 objiciendum
635 2955 765 3044 aliquid
782 2953 907 3028 credit.

346 3057 424 3128 116.
461 3053 655 3148 Augustinus
684 3055 846 3150 Episcopus
874 3052 1009 3149 Ecclcstae
1035 3051 1205 3130 Catholicae
1223 3053 1331 3125 dixit:

262 3150 346 3227 Nos
368 3155 602 3227 collationem
625 3152 879 3247 poposcimus,
904 3154 964 3226 ubi
984 3154 1123 3247 objecta
1139 3154 1328 3235 diluamus,

262 3271 339 3324 non
357 3253 418 3324 ubi
438 3254 646 3343 objiciamus
665 3255 848 3340 diluenda3
875 3255 1163 3348 quandoquidem
1178 3274 1259 3327 cum
1276 3253 1328 3327 ilii

263 3349 404 3440 objesia
427 3355 583 3446 probare
603 3375 679 3427 non
702 3356 912 3447 potuerint,
947 3356 1029 3446 quid
1051 3354 1140 3447 sint,
1167 3353 1250 3446 quid
1274 3372 1329 3425 re·

261 3465 450 3542 maneant,
471 3452 578 3527 nobis
593 3473 666 3526 non
679 3452 881 3526 dicentibus
895 3453 1115 3532 manifestum
1131 3456 1202 3526 erit
1214 3452 1329 3526 omni·

262 3550 351 3643 bus,
379 3550 529 3624 bra-tua
549 3549 763 3626 sublimitate
782 3553 1006 3642 judicabitur.
1056 3552 1169 3631 Nunc
1189 3549 1327 3648 ingressi

260 3647 379 3723 sumus
402 3651 538 3723 diluere
563 3650 829 3727 criminationbs
847 3671 994 3746 eorum,
1022 3672 1107 3744 quas
1122 3649 1241 3725 soient
1257 3650 1327 3725 Ec-

263 3750 400 3839 clesrae,
434 3771 537 3840 quam
563 3763 748 3842 tenemur,
781 3753 966 3845 objicere3
1005 3752 1210 3826 mandatum
1234 3771 1326 3843 quo·

264 3863 334 3934 que
348 3845 505 3941 ipsorum
522 3852 596 3924 hoc
612 3850 798 3924 continet:
822 3845 983 3933 Adversas
1003 3844 1187 3947 Tradasrores
1201 3850 1239 3926 (5
1253 3874 1326 3947 per·

257 3943 552 4049 suasoresnoflros.
587 3947 781 4045 Quondam
795 3966 913 4023 autem
930 3948 1147 4056 Primianus,
1167 3949 1326 4047 fidigna·

264 4058 348 4139 rur,
380 4045 490 4135 irater
508 4047 854 4225 noster,couvenlt<u¹{
872 4067 941 4142 pro
960 4047 1034 4146 ipsa
1054 4048 1254 4219 ooila‘tigne
1272 4069 1327 4123 re·

538 4176 542 4187 ·
878 4170 901 4231 p
1188 4168 1289 4237 qou-
