3200 4784
601 405 751 484 L-rara
782 426 969 510 annana
1271 433 1319 514 90

205 579 208 584 “
247 569 369 668 fregit.
416 563 508 667 ‘Jam
528 589 613 644 reue
628 567 700 664 est,
727 569 787 660 qui
806 569 977 662 majorem
998 580 1134 665 partem
1155 571 1317 658 radendo

247 671 435 746 servavit„
481 673 573 772 Quae
594 668 645 742 est
664 667 726 742 ista
745 689 844 742 nova
863 671 897 744 dt
914 669 1019 743 stulta
1038 668 1226 768 sapientia,
1250 697 1318 750 no·

248 773 403 844 vitatem
430 789 587 860 querere
605 769 641 840 in
658 767 855 842 visceribus
874 766 1096 858 vetustastis,
1122 773 1315 850 &remota

248 870 344 962 quast
360 871 509 959 quadam
526 871 694 959 corporis
709 885 806 956 cute,
823 869 859 940 in
871 870 1006 942 latente
1019 888 1178 962 corpore
1195 889 1316 951 cutem

249 969 502 1066 qttafralteram
515 967 701 1059 querere?
717 968 866 1042 Donum
882 969 981 1059 quod
992 970 1035 1042 ad
1048 969 1081 1041 se
1092 975 1263 1067 pertinet,
1280 976 1315 1048 dt

247 1069 284 1144 in
297 1071 464 1143 fetorum
479 1068 653 1159 est,quod
665 1087 773 1140 unum
785 1067 850 1157 est,
864 1069 949 1140 inde
966 1089 1045 1141 cum
1059 1070 1190 1161 aliquid
1206 1071 1316 1148 fuerit

198 1241 202 1256 ,
248 1158 429 1258 afflatum,
446 1168 556 1242 minui
570 1164 712 1259 potest,
731 1187 807 1239 non
825 1167 944 1258 potest
961 1170 1151 1244 immutari.
1192 1169 1315 1246 Rasrsti

199 1258 205 1348 Ι
247 1268 522 1383 equidergquod
535 1268 598 1340 tibi
612 1264 723 1337 visum
734 1265 873 1338 esttsed
884 1267 1055 1340 adhucibi
1067 1265 1316 1360 estquododi-

247 1365 317 1442 stii
330 1367 445 1462 Quid,
457 1365 589 1458 quodsi
604 1365 650 1437 fic
662 1361 886 1455 conjurastis,
903 1379 944 1436 ut
956 1385 1064 1455 quaea
1081 1370 1187 1440 nobis
1202 1371 1237 1441 in
1250 1391 1315 1444 no-

247 1469 343 1542 mine
355 1467 423 1540 Dei
437 1465 560 1558 inipso
573 1463 743 1555 mysterio
755 1461 846 1535 tarta
858 1461 1140 1554 suntimmunda
1152 1467 1315 1542 videren-

247 1581 327 1640 tur:
349 1568 426 1657 quis
438 1562 593 1664 fidelium
612 1560 743 1642 nescir,
766 1564 803 1636 in
822 1562 1033 1659 peragendis
1050 1563 1226 1656 mysteriis
1241 1566 1315 1660 ipsa

244 1667 341 1760 ligna
358 1668 564 1738 linteamine
578 1661 786 1754 cooperiri?
806 1664 906 1736 lnter
923 1662 994 1755 ipsa
1011 1661 1238 1738 Sacramenta
1251 1687 1314 1740 ve·

228 1763 623 1859 lamenpotuittangi,
641 1763 876 1853 nonlignum.
913 1761 1314 1858 Autfrtasiupoffitpe·

242 1863 379 1937 metrani
395 1863 580 1950 velamen,
600 1881 688 1955 ergo
707 1859 985 1950 penetrantur&
1001 1861 1105 1955 ligna.
1154 1864 1191 1936 si
1206 1887 1314 1956 pene-

242 1961 334 2034 trari
357 1950 501 2052 poifunt
519 1961 630 2055 ligna,
654 1960 921 2049 penetratur&
941 1973 1045 2032 terra.
1105 1959 1141 2033 Si
1162 1967 1312 2041 avobia

242 2062 380 2154 lignum
395 2059 548 2148 raditur,
570 2059 734 2148 ortena,
754 2079 832 2148 quae
846 2055 965 2132 subter
976 2057 1048 2151 est,
1066 2057 1246 2156 fodiatur,
1266 2068 1314 2138 al·

242 2175 319 2232 tarn
337 2157 447 2231 facite
461 2158 643 2248 scrobem,
670 2157 754 2230 dnm
770 2158 1142 2262 protvestroarbitrio
1159 2166 1314 2253 queritis

244 2259 452 2352 puritatem.
504 2255 572 2330 Sed
594 2255 787 2331 observate
804 2278 850 2331 ne
865 2259 1015 2330 veniatis
1033 2260 1074 2332 ad
1092 2259 1252 2354 inferos,
1280 2266 1315 2336 dt

242 2359 319 2432 illic
340 2357 534 2430 inveniatis
554 2355 672 2444 Core,
706 2355 823 2428 Daton
845 2357 877 2428 dt
896 2357 1038 2431 Abiron
1058 2356 1313 2456 schismaticos,

242 2455 428 2551 magistros
446 2455 580 2528 scilicet
596 2455 748 2532 vestros.
801 2452 898 2550 Ergo
918 2458 949 2528 dr
966 2456 1105 2553 fregisse
1122 2480 1191 2531 vos
1210 2461 1241 2531 d
1261 2480 1315 2533 ra·

242 2555 319 2630 nire
345 2555 487 2628 constat
510 2557 642 2630 altaria.
696 2556 794 2654 Quid
817 2555 888 2643 est,
916 2557 1013 2647 quod
1035 2558 1069 2628 in
1091 2560 1157 2628 hac
1177 2579 1216 2631 re
1237 2562 1314 2632 sub·

240 2655 328 2728 inde
349 2653 466 2728 vester
486 2654 578 2745 quast
598 2657 767 2747 languere
785 2653 881 2725 visua
899 2653 950 2726 est
972 2653 1100 2728 furor?
1136 2656 1313 2736 Videmus

242 2755 339 2826 enirn
354 2776 424 2826 vos
441 2752 565 2842 postea
582 2749 731 2826 mutasse
745 2753 950 2843 consilium,
978 2753 1010 2826 dt
1032 2755 1153 2834 altaria
1170 2778 1188 2828 a
1204 2761 1313 2832 vobit

236 2854 313 2946 jam
337 2875 412 2926 uon
436 2851 573 2945 frangi,
598 2850 657 2923 sed
677 2851 752 2924 radi
769 2853 1022 2924 tantummodo
1037 2867 1099 2924 aut
1117 2860 1312 2936 removeri.

240 2949 280 3024 Si
302 2953 373 3026 hoc
394 2949 611 3041 sufficiebat,
637 2951 696 3022 illa
718 2971 798 3039 qnae.
815 2951 913 3044 prius
939 2973 959 3024 a
985 2955 1091 3025 vobis
1114 2952 1205 3028 fasta
1230 2955 1312 3032 funt

239 3051 277 3126 dt
297 3073 366 3122 vos
385 3051 572 3136 indicatis,
599 3050 680 3140 quia
701 3045 780 3122 fieri
798 3051 944 3126 minime
961 3051 1174 3128 debuerunt
1308 3145 1310 3150 Ι

318 3173 349 3224 a.
369 3152 452 3223 Hoc
465 3167 584 3225 tamen
598 3151 749 3224 immane
762 3149 898 3236 facinus
912 3152 1127 3244 geminatum
1144 3153 1207 3246 est,
1227 3155 1312 3232 dum
1339 3205 1343 3220 ι

238 3247 393 3334 fregistis
420 3251 525 3322 etiam
549 3251 701 3340 calices,
735 3245 862 3324 Christi
889 3249 1061 3344 sanguinis
1081 3270 1311 3344 portatorest

239 3365 397 3441 quorum
417 3344 550 3438 species
564 3349 763 3422 revocastis
782 3351 818 3422 in
838 3347 982 3442 massas,
1006 3371 1146 3434 ¹merces
1165 3352 1311 3428 nefariis

239 3446 408 3538 nundinis
426 3463 660 3537 procurantes
673 3450 749 3542 „ad
768 3470 870 3540 quarn
888 3470 1043 3524 mercem
1063 3471 1132 3523 nec
1150 3467 1311 3526 emtores

240 3549 375 3642 eligere
388 3542 571 3620 voluistis:
597 3547 694 3620 avari
711 3548 792 3620 dum
811 3549 968 3620 venditis
980 3572 1002 3634 ς,
1020 3547 1197 3643 sacrilegi,
1226 3551 1318 3626 dunt

239 3645 505 3720 inconsiderate
517 3645 734 3720 vendidistis.
752 3645 834 3722 Pan
848 3645 1046 3720 estis-etiam
1060 3649 1223 3726 comburi
1238 3671 1309 3722 ma-

239 3766 308 3820 nua
325 3745 484 3830 vestrae,
512 3745 641 3836 quibus
658 3759 742 3824 ante
758 3767 848 3837 noe,
875 3746 1022 3820 eosdem
1041 3749 1170 3820 calices
1186 3747 1312 3823 tratia-

239 3844 346 3929 bptir.
399 3842 488 3919 Eam
507 3844 583 3918 rein
605 3863 685 3918 cum
702 3841 818 3931 pallini
837 3845 946 3918 vendi
962 3844 1120 3935 jussistis,
1137 3864 1312 3924 emerunt

240 3942 390 4018 forsitan
407 3945 444 4018 in
460 3943 540 4020 usur
559 3941 642 4020 suot
666 3939 816 4017 sordide
839 3946 1028 4034 mulieres,
1060 3964 1225 4022 emerunt
1247 3945 1318 4024 Pa·-

240 4043 346 4143 gani,
370 4041 497 4122 scituri
518 4043 625 4142 vasa,
642 4042 688 4124 -itr
706 4043 835 4218 ςιιὲδω
850 4042 1322 4223 ἰιιοειιάεεειιιΜεέἰεὶΐιιίς.Χ

226 4159 229 4166 ·
805 4168 850 4225 2⁵
1227 4162 1288 4218 te.-
