3200 4784
408 408 471 465 oe
495 387 887 465 Deusaraannvn
907 385 1156 464 flascone.
1255 407 1328 511 535Ι

249 549 458 646 subdimur,
484 552 523 624 in
540 548 695 624 medium
710 548 931 643 proferetur.
969 549 1018 620 Et
1031 546 1097 619 alia
1111 560 1220 625 manu.
1252 547 1324 624 Re·

251 653 432 748 cognovi.
473 639 688 723 Marcesinrrr
704 640 1142 740 uicorsarr'fflmrrsTrr'iunus
1158 651 1196 726 (5
1215 653 1322 731 Nm.

207 776 217 781 ·
250 757 322 824 rius
341 753 447 822 dixit.-
474 749 573 849 Quid
589 749 644 824 his
662 745 849 823 refertur?
934 842 937 847 Ι
1067 838 1070 843 Ι

333 859 414 930 188.
428 851 591 922 Emeritur
605 852 770 946 Episcopus
783 851 891 944 partis
903 851 1029 920 Donati
1043 849 1150 919 dixit.-
1165 847 1319 922 Prolixae

248 950 413 1029 orationi
437 946 656 1042 respondere
675 969 753 1021 non
774 945 935 1043 possum3
970 959 1089 1022 temen
1110 947 1320 1043 summatim,

201 1080 204 1089 ¹
247 1061 295 1122 ut
310 1051 440 1131 valeo,
467 1069 545 1140 quae
563 1047 740 1143 superflue
757 1049 792 1120 in
805 1046 978 1139 judicium
993 1046 1089 1120 missa
1104 1046 1204 1140 sunt,
1232 1069 1324 1122 ven·

201 1182 211 1228 r
247 1151 388 1240 tilabo,
416 1169 496 1221 cum
516 1150 725 1244 optationes
748 1168 766 1218 a
787 1145 917 1219 nostris
938 1149 1097 1239 partibus
1116 1149 1319 1242 propositas

200 1282 215 1331 a
244 1269 299 1324 ne
324 1251 384 1332 vel
410 1246 608 1322 relectione
633 1246 882 1337 confundant,
908 1260 949 1316 ut
970 1254 1087 1338 neque
1110 1247 1227 1319 velint
1246 1245 1318 1322 else

201 1346 202 1352 ’
248 1349 457 1441 petitores,
490 1367 609 1437 neque
628 1345 663 1418 se
682 1346 802 1418 dicant
823 1345 1050 1437 responsores
1071 1345 1233 1438 adstare,
1266 1348 1318 1420 in-

200 1464 223 1531 ὲ.
249 1436 474 1540 tul‘erintque
504 1445 636 1521 nostris
665 1447 825 1538 partibus
848 1443 1162 1538 prosecutionem,
1195 1459 1258 1537 ut,
1276 1446 1342 1531 'li

200 1545 400 1634 plforenfis
425 1547 556 1641 regulae
582 1546 744 1618 ordinem
770 1558 920 1630 tenent,
961 1546 1215 1618 conditionalis
1245 1545 1318 1618 diei
1340 1596 1344 1607 a

200 1686 223 1739 Ι
246 1666 325 1720 non
341 1645 505 1718 omittam
519 1645 668 1744 internis
685 1642 837 1717 sensrbus
853 1647 1064 1729 notionem3
1092 1643 1252 1718 srautem
1269 1648 1319 1716 le-

200 1788 223 1834 3,
246 1747 385 1840 galibus
405 1749 514 1840 magis
538 1746 688 1839 cupiunt
708 1745 745 1816 in
764 1743 903 1835 judicio
930 1743 1149 1834 conludiari,
1183 1743 1315 1837 divinis

200 1840 430 1937 3'scripturis
446 1854 515 1915 nos
533 1847 585 1917 eis
600 1842 740 1917 necesse
756 1842 807 1916 est
820 1841 1048 1934 respondere.
1093 1841 1246 1917 Primum
1264 1841 1316 1916 est

200 1986 222 2037 χ
248 1956 394 2034 autem,
422 1943 521 2035 quod
536 1943 726 2034 injudicio
742 1943 960 2038 flagitamus,
987 1955 1049 2034 ut,
1072 1945 1239 2035 quoniam
1269 1942 1315 2016 de

200 2085 222 2136 3
247 2043 500 2116 mandatorum
516 2041 660 2116 suorum
678 2045 896 2137 allegatione
920 2044 1115 2133 injudicio
1131 2045 1317 2126 vacillant,
1370 2067 1378 2075 “

200 2182 222 2237 g
248 2142 384 2235 quippe
405 2162 485 2215 curn
504 2161 615 2215 unum
636 2145 797 2239 legentes
819 2143 913 2215 aliud
934 2159 1088 2237 negent,
1110 2143 1314 2233 vdicantque

206 2288 220 2339 ι
248 2252 393 2330 tamen,
418 2241 454 2314 se
473 2242 611 2338 legatos
632 2243 674 2314 ad
694 2241 898 2335 Imperiales
922 2264 1023 2316 aures
1049 2241 1232 2316 destinasse
1255 2263 1315 2313 an·

200 2368 218 2437 5
247 2353 327 2430 tea,
362 2337 594 2434 secutumque
618 2341 669 2415 est
689 2342 917 2441 identidem,
949 2356 991 2413 ut
1012 2364 1058 2415 ex
1081 2339 1327 2434 responsrone

200 2489 220 2533 „
245 2437 425 2534 gestorum
441 2441 596 2516 dilucide
612 2440 809 2530 claruisset,
834 2455 954 2511 utrum
970 2460 1038 2511 nos
1052 2441 1315 2528 inquietatores

200 2572 230 2641 ³2
246 2536 426 2630 essemus,
461 2562 504 2613 an
524 2540 712 2630 inquietati
735 2540 778 2608 ad
801 2540 973 2628 iudicium
994 2540 1225 2629 veniremus,
1261 2538 1315 2614 hia

200 2672 219 2741 g
245 2646 308 2710 tot
323 2639 632 2731 propoitionibus
658 2635 876 2730 respondere
899 2639 1090 2731 nolentes,
1118 2636 1152 2708 &
1176 2638 1242 2710 alia
1265 2637 1315 2730 se,

200 2773 218 2837 z,
248 2733 397 2817 nescio,
424 2751 492 2827 qua
513 2736 825 2832 argumentatione
852 2734 1047 2826 dejiciunt,
1086 2735 1225 2826 quaeso,
1257 2738 1315 2809 vir

200 2826 217 2943 ’ἦ
247 2834 402 2926 nobilis,
435 2833 655 2908 constituant
667 2835 847 2930 gradum,
866 2836 986 2909 dicant
999 2836 1054 2925 se,
1081 2856 1155 2926 quo
1170 2836 1313 2928 ordine,

200 2972 216 3041 g
247 2953 365 3024 quave
387 2932 527 3007 ailione
542 2937 579 3008 in
597 2935 735 3026 judicio
758 2933 958 3008 consrstant.
1008 2933 1092 3007 Nos
1108 2935 1226 3028 enim,
1254 2937 1315 3026 qui

200 3069 216 3143 Β·
247 3030 388 3105 addudii
421 3031 538 3107 sumus
577 3034 621 3106 ad
653 3033 980 3128 disceptationem,
1024 3037 1191 3124 petitoria
1224 3036 1313 3109 loco

200 3166 215 3236 p
248 3130 385 3206 adstare
420 3153 497 3206 non
532 3131 746 3227 possumus,
788 3132 883 3228 ipsos
919 3132 1059 3207 necesse
1092 3132 1143 3206 est
1176 3154 1315 3227 propo·

200 3288 214 3342 3
245 3250 361 3323 nere,
387 3244 580 3307 uteorum
608 3234 917 3326 proposrtionibus
940 3254 1021 3329 pars
1045 3232 1166 3306 nostra
1181 3237 1313 3321 {valeat

200 3388 213 3443 1
245 3329 477 3424 respondere.
512 3335 560 3406 Er
575 3334 643 3404 alia
659 3359 767 3406 manu.
799 3332 981 3408 Emeritue
996 3312 1197 3431 Episcopus
1217 3333 1314 3410 salva

207 3468 211 3538 Λ
245 3431 490 3523 appellatione
508 3434 724 3530 recognovi.

200 3588 210 3643 l
325 3537 406 3624 189.
432 3533 627 3630 Augustanus
640 3534 804 3630 Episcopus
815 3533 950 3628 Ecclefiae
963 3533 1131 3605 catholica
1144 3529 1249 3602 dixit:
1276 3529 1314 3604 si

200 3673 208 3746 ι
245 3631 416 3722 petitoris
435 3633 527 3704 loco
551 3630 739 3724 adsistunt,
776 3636 837 3724 qui
863 3635 1010 3706 crimina
1030 3629 1171 3722 objecta
1191 3629 1315 3704 defen·
1347 3653 1353 3676 ⁶

200 3790 207 3848 t
247 3728 362 3898 gunt,
389 3744 459 3803 tuae
478 3731 678 3827 nubilitatis
696 3733 747 3806 est
763 3735 1011 3827 pronuntiare.
1057 3730 1186 3804 Erotio
1203 3754 1313 3805 mauu.
1352 3760 1355 3765 ¹

202 3886 206 3939 t
284 3832 481 3923 ecognovi.
916 3855 919 3859 ·

200 3988 205 4033 ⁴.
313 3946 407 4039 apo.
433 3932 644 4004 Marcellinus
659 3934 717 4003 vir
731 3931 919 4027 clarissimus
930 3923 1095 4003 Tribunus
1108 3927 1147 4008 (s
1154 3893 1336 4012 murrae,

200 4090 215 4158 ἰ,
247 4023 358 4103 dlxn:
392 4026 510 4111 Etiam
532 4029 884 4225 prosecutionlelviri
909 4032 1126 4111 venerabilia
1149 4029 1315 4200 Petiligni
