3200 4784
383 420 445 477 on
469 362 863 476 obrueremus
888 396 1140 485 Hrsrourn.
1227 418 1299 495 553
1339 466 1343 479 .

217 558 219 567 ’
242 566 258 597 ’·
307 559 390 653 250.
416 563 628 655 Marcellinus
644 563 703 629 uir
717 557 905 651 clarissimus
918 553 1303 637 TribunusUNurariur

226 668 333 737 dixit:
365 656 537 734 Constare
553 659 696 751 quidem
710 660 872 751 primitus
894 659 1105 749 volueram,
1131 674 1193 748 uc,
1218 664 1297 750 quis

229 769 319 838 loco
338 760 504 854 petitoris
522 757 696 845 adstaret,
722 778 768 830 ex
786 757 1004 830 recitatione
1025 755 1201 852 gestorum
1223 761 1301 831 evi·

233 863 429 938 dentillime
463 856 730 932 monstraretur.
788 855 859 930 Sed
891 855 915 928 fi
942 857 1052 928 vultis
1080 858 1124 928 ab
1147 858 1215 930 hac
1240 881 1301 932 me

230 979 334 1058 parte
352 958 553 1050 discedere,
580 955 772 1030 evidenter
784 955 964 1048 ostendite
972 990 994 1049 ,-·
1011 971 1051 1030 ut
1064 977 1106 1030 ea
1114 956 1135 1055 ‚'
1154 977 1231 1050 quae
1245 957 1300 1032 of·

227 1064 354 1153 fertis,
380 1060 537 1132 debeant
557 1055 713 1130 recitari.

201 1230 202 1236 κ
306 1199 387 1269 251.
416 1174 603 1268 Montanus
620 1176 789 1273 Episcopus
802 1173 907 1246 dixit:
940 1170 1085 1248 Interim
1103 1174 1190 1266 J’ube
1208 1176 1298 1249 reci·

200 1294 204 1345 ἓ
228 1281 319 1370 tari,
339 1277 693 1371 &respondebimus
722 1273 966 1348 Eruliamunu.
993 1269 1196 1346 Montanus
1214 1273 1297 1367 Epi·
1359 1294 1361 1298 ·

201 1398 204 1438 ί
228 1379 359 1471 scopus
387 1377 482 1450 salva
508 1376 750 1471 appellatione
778 1371 1070 1466 prosecutionem
1096 1395 1211 1448 meam
1241 1396 1297 1450 re·

200 1496 204 1543 l
231 1478 406 1575 cognovi.
457 1477 669 1547 Marcellinus
691 1479 748 1545 uir
772 1469 964 1564 clarifflmus
992 1474 1212 1550 Tribunus&
1230 1464 1321 1560 Illosx

200 1599 203 1641 l
228 1587 333 1652 rarius
351 1578 454 1646 dixit:
473 1575 673 1648 Recitetur.
707 1572 858 1646 Romulus
876 1589 1017 1667 exceptor
1032 1579 1193 1644 recitavit.
1220 1572 1249 1648 F
1251 1576 1309 1667 lag
1354 1604 1356 1609 ·

204 1758 207 1767 .
229 1682 296 1751 vio
316 1675 531 1747 Marcellino
558 1676 642 1745 viro
667 1672 851 1747 clarililmo
877 1670 1054 1765 speciabili
1074 1670 1299 1749 Tribuno&

228 1776 392 1852 Nota‘rio
414 1772 646 1868 januarianus
672 1773 706 1845 u
728 1773 848 1844 caeteri
866 1769 1035 1866 Episcopi
1052 1773 1215 1843 veritatis
1232 1772 1299 1848 Ca·

216 1876 399 1965 thelicae,
427 1893 503 1966 quae
525 1866 813 1967 persecutionem
827 1870 988 1963 patitur,
1014 1890 1089 1945 non
1107 1870 1298 1963 quae'facit.

230 1972 446 2071 Quiaapud
471 1970 545 2044 abta
569 1971 769 2044 nobilitatis
790 1984 860 2042 rue
886 1969 1054 2042 fratribus
1076 1972 1300 2068 collegisque

230 2073 363 2149 nostris
382 2070 627 2167 defensronerp
645 2054 902 2169 mandavimus.
931 2066 1063 2159 Etcum
1082 2077 1250 2159 recitaret,

310 2214 390 2281 252.
406 2182 630 2265 'Marcellinus
646 2193 703 2262 uir
715 2187 900 2283 cluriffimus
916 2182 1078 2262 Tribunus
1091 2180 1130 2269 ὁ
1138 2197 1303 2265 Notarius

233 2292 342 2375 dixin⁸
379 2292 563 2391 Quantum
588 2312 632 2363 ex
659 2289 756 2364 istius
783 2290 963 2383 epistole,
998 2312 1076 2381 quae
1098 2291 1300 2387 profertur,
1327 2290 1330 2299 '

231 2390 417 2486 principiis
432 2388 709 2479 demonstratur,
728 2391 851 2463 denuo
867 2389 960 2459 aliud
978 2392 1089 2460 video
1103 2389 1305 2480 procellrlie

231 2492 580 2582 mandatum‚'cum
611 2488 693 2579 post
721 2486 1037 2580 confirmationem
1069 2489 1302 2576 personarum

232 2613 277 2663 ea
300 2592 440 2678 omnia,
469 2609 545 2676 quae
566 2588 726 2676 partibus
746 2596 984 2676 competunt,
1010 2583 1132 2657 vestro
1154 2590 1304 2681 nomine
1368 2660 1382 2678 s

234 2688 426 2760 debuerint
439 2686 581 2774 judiciis
598 2685 772 2772 intimari,
790 2682 958 2773 quoniam
974 2684 1016 2754 ab
1033 2684 1100 2755 illis
1113 2684 1194 2776 post
1206 2708 1305 2759 man·

233 2788 356 2861 datum
373 2784 478 2856 semel
497 2780 625 2855 fanum
646 2781 788 2870 constat
806 2780 977 2854 transiisse
994 2785 1191 2878 negotium.

313 2923 393 2996 253.
421 2903 585 2976 Emeritus
607 2901 772 2998 Episcopus
788 2903 892 2974 lixit:
924 2900 965 2976 In
985 2902 1154 2976 mandato
1175 2904 1237 2976 suo
1256 2907 1306 2980 le·

237 3005 327 3104 gali'a
347 3023 495 3095 quaeque
513 2997 714 3093 seposuisse
731 3000 911 3099 dixerunt.
962 3000 1050 3075 llaec
1069 3003 1193 3091 eadem
1211 3007 1305 3100 lega.

236 3105 283 3179 lia
295 3124 361 3174 nos
375 3099 555 3192 scripturis
569 3099 740 3195 legalibus
756 3099 1021 3178 convincimur,
1052 3099 1151 3179 Nihil
1169 3106 1304 3196 absque

236 3203 409 3280 mandato
426 3197 498 3288 est;
522 3200 598 3286 imo
621 3213 662 3270 ur
680 3198 894 3276 audientiam
919 3197 1117 3291 prestantia
1137 3217 1197 3274 tua
1218 3224 1304 3294 prc-

237 3304 336 3388 beat,
348 3303 420 3377 hoc
436 3318 613 3394 rogamus.
642 3299 690 3374 Er
699 3300 762 3371 alia
775 3325 881 3376 manu.
908 3294 1086 3372 Emeritos
1104 3298 1306 3394 Episcopus

236 3397 332 3476 salva
342 3399 584 3490 appellatione
595 3401 810 3493 recognovi.
829 3397 1043 3470 Marcellinus
1052 3399 1307 3492 uirclanfflmur

213 3499 218 3506 '
244 3493 411 3576 Trslunus
433 3495 471 3576 (ς
492 3501 653 3569 Notarius
669 3500 774 3568 ds'xir:
808 3494 896 3571 Non
917 3497 993 3570 haec
1013 3498 1165 3591 proferri
1186 3502 1309 3591 prohi-

241 3599 330 3689 bui,
358 3596 414 3670 led
437 3595 565 3671 senius
587 3611 682 3695 erat,
708 3611 750 3669 ut
766 3595 888 3670 vestro
909 3597 1081 3690 nornine,
1107 3597 1167 3687 'qui
1184 3600 1311 3682 adsrsti·

238 3701 306 3788 tis,
325 3695 584 3790 proferrentur.
620 3699 784 3772 Emerirus
802 3697 966 3794 Episcopus
983 3699 1087 3771 dixit:
1110 3695 1199 3773 Cum
1215 3697 1308 3785 abbio

242 3801 350 3873 nobis
385 3808 597 3888 competat,
631 3796 804 3891 scriptura
834 3795 989 3869 mandati
1020 3794 1109 3873 nihil
1137 3797 1311 3891 interest,

244 3910 363 3968 utrum
388 3919 432 3972 ex
454 3897 575 3971 nostra
592 3893 764 3988 persona,
789 3916 832 3968 en
853 3916 898 3968 ex
922 3915 1069 3978 eorum,
1094 3897 1313 3987 quimanda·

243 4011 405 4091 verunt,
428 3995 657 4093 proferatur,
684 3994 883 4170 dunhnodo
899 3995 973 4072 hoc
991 3991 1103 4093 ipsun
1115 3995 1242 4094 jubeas
1258 4016 1313 4071 re

708 4116 738 4191 j
792 4116 875 4186 ms
1148 4097 1271 4170 citari,
