3200 4784
520 401 659 478 352
1024 374 1680 454 Montium-u
1727 375 2142 498 Vim-nna

515 545 650 620 bus
687 555 1058 616 numerum
1100 539 1517 633 praeceperit
1550 537 1939 634 imperialis
1984 540 2406 618 auom-itas.
2527 539 2659 620 Ad·

518 657 727 720 erunt
779 643 891 713 alii
942 659 1233 731 quoque
1282 637 1555 732 septeni
1613 637 1862 713 delesti
1900 639 2187 730 judicio·
2231 641 2382 716 suae
2433 646 2662 737 cnjus-

515 764 655 836 que
708 735 922 835 partis
964 733 1339 832 Episcopi,
1404 739 1525 829 qui
1564 735 1838 810 servata
1881 741 2204 830 primitus
2250 762 2396 834 per
2441 763 2676 834 omne,

516 840 962 931 colloquium
1014 838 1516 910 moderatione
1566 830 1824 912 silentii
1877 839 1962 909 ad
2027 841 2173 912 hoc
2238 840 2314 914 se
2377 854 2662 918 tantum

513 942 917 1036 intelligant
986 936 1317 1010 intereffe
1358 987 1381 1026 ,
1467 949 1550 1008 ut
1619 936 1668 1010 fi
1751 940 1870 1027 qui
1949 960 2040 1021 ex
2119 938 2658 1032 disputantibus

510 1043 849 1128 utrinque
876 1035 1181 1128 septenis
1210 1033 1549 1108 conferre
1577 1034 1948 1109 confilium
1973 1057 2130 1110 cum
2154 1038 2458 1116 suorum
2489 1063 2660 1132 quo-

516 1161 656 1232 que
688 1139 1048 1224 voluerit,
1096 1157 1258 1209 cum
1289 1136 1547 1209 eodem
1580 1137 1727 1208 illie
1757 1135 2037 1208 secedat
2067 1139 2138 1208 in
2171 1153 2516 1234 partem,
2573 1155 2658 1214 at·

514 1261 655 1332 que
686 1239 783 1309 ibi
812 1237 1339 1309 communicata
1378 1236 1735 1327 patienter
1769 1239 2050 1308 ratione
2098 1235 2458 1312 traetandi
2505 1260 2660 1335 pro·

509 1343 753 1434 prium·
792 1348 1202 1409 revertatur
1248 1335 1332 1408 ad
1385 1337 1676 1420 locum,
1741 1330 1953 1408 fidem
2016 1334 2435 1410 servaturus
2515 1338 2657 1412 offi-

513 1441 649 1528 cii,
715 1451 798 1506 ut
836 1437 1062 1526 alter,
1130 1435 1245 1506 cui
1285 1434 1357 1505 id
1404 1431 1690 1506 necess'e
1735 1431 1880 1525 est,
1933 1437 2247 1508 tacendo
2289 1438 2658 1512 audienda

514 1536 1017 1622 commendet;
1084 1534 1262 1612 alter
1310 1534 1425 1602 cui
1466 1533 1541 1603 id
1583 1554 1839 1607 munus
1895 1533 2041 1622 est,
2109 1535 2504 1626 loquendo
2558 1537 2660 1610 su-

511 1638 752 1732 scepta
783 1629 1188 1707 confirmet.
1255 1629 1413 1704 Erit
1442 1645 1680 1706 autem
1713 1634 2089 1708 collationi
2129 1635 2528 1727 aptiffimus
2564 1640 2660 1708 lo-

450 1783 471 1796 „
514 1756 639 1809 cus
663 1733 1134 1836 Thermarum
1167 1728 1725 1825 Gargilianatum
1745 1783 1770 1824 ,
1804 1734 1873 1804 in
1914 1754 2119 1822 quem
2151 1735 2265 1807 die
2293 1733 2658 1810 Kalenda-

512 1855 669 1908 rum
699 1833 1061 1928 Juniarum
1091 1831 1383 1903 eosdem
1414 1828 1817 1926 Episcopos
1847 1827 2037 1904 solos
2060 1885 2086 1925 ‚
2141 1835 2260 1924 qui
2301 1835 2656 1930 designati

511 1932 721 2025 sunt,
786 1943 1129 2023 oporteat
1175 1931 1595 2006 convenire.
1717 1929 1830 2004 Ex
1882 1953 2026 2023 quo
2079 1933 2252 2006 illud
2305 1935 2652 2025 profesto

504 2031 958 2127 perspicuum
993 2029 1119 2111 est,
1152 2033 1245 2101 eo'
1283 2032 1554 2104 nullum
1584 2031 1873 2123 penitus
1908 2032 2156 2123 populi
2192 2027 2352 2106 fieri
2381 2033 2651 2108 debere

514 2144 1010 2222 conventum,
1065 2150 1209 2221 quo
1247 2149 1382 2201 nec
1417 2129 1607 2222 ipsos
1643 2128 2019 2202 universos
2059 2132 2446 2206 confluere
2485 2133 2652 2208 sina-

511 2246 629 2303 tur
663 2228 1086 2323 Episcopos.
1186 2225 1376 2301 Nam
1417 2250 1574 2302 cum
1619 2230 1956 2321 patientia
1992 2230 2438 2326 disputandi,
2495 2253 2648 2324 quae

507 2331 639 2404 soli
694 2332 913 2403 amica
966 2328 1245 2402 silentio
1304 2327 1453 2420 est,
1526 2349 1814 2402 omnem
1861 2333 2286 2404 catervatim
2340 2335 2646 2426 agminis

507 2430 876 2521 strepitum
930 2423 1473 2521 perhorreseat,
1541 2429 1715 2501 nihil
1765 2427 2111 2519 interest,
2183 2443 2427 2503 utrum
2493 2453 2648 2506 eam

511 2527 885 2623 congestio
933 2529 1370 2620 populorum
1405 2573 1427 2606 ,
1495 2548 1583 2600 an
1627 2524 2147 2619 Episcoporurn
2204 2529 2420 2602 turba
2471 2552 2646 2621 prae-

507 2632 770 2722 pediat.
886 2627 1113 2723 Igitur
1150 2625 1491 2720 Episcopi
1535 2628 1914 2701 memorati
1954 2624 2081 2699 soli
2119 2628 2190 2701 in
2224 2627 2645 2720 praediftum

507 2731 750 2802 locum
790 2741 1213 2818 tempusque
1252 2729 1738 2817 conveniant,
1792 2728 1889 2798 ita
1927 2739 2211 2818 tamen,
2270 2741 2349 2799 ut
2381 2728 2646 2818 reliqui
