3200 4784
441 499 448 506 ,
527 471 532 494 .
598 415 966 496 err‘uuaruu'r.
1271 439 1316 516 17

237 581 340 681 pust,
366 575 482 656 clausa
506 580 566 656 est.
618 578 668 652 Et
692 601 740 654 ne
763 577 978 672 beneficium
1004 578 1048 652 de
1066 579 1194 654 mortis
1218 599 1315 655 com·
1335 601 1340 646 ι

237 687 378 780 pendio
404 681 579 788 copsequi
605 683 840 770 viderentur,
869 681 951 752 dum
977 701 1050 751 non
1081 679 1192 754 essent
1218 681 1314 775 digni

198 831 201 852 .
238 788 393 878 viuere,
419 783 460 853 iis
477 802 547 854 nec
565 783 656 852 mori
674 775 881 860 concessum
898 779 963 851 est:
991 793 1147 852 tartareo
1165 801 1312 854 carcere

239 885 361 958 subito
381 881 504 960 clausi,
531 897 619 951 ante
630 878 710 950 sunt
725 878 852 970 sepulti
869 900 972 968 quam
990 881 1135 954 mortui.
1188 877 1236 952 Et
1250 884 1313 982 mi·

221 983 365 1072 nmini
389 983 496 1052 vobis
519 979 650 1068 aliquid
673 981 744 1049 tale
769 973 890 1070 aspere
913 977 1064 1070 sodium,
1091 979 1149 1066 qui
1167 977 1311 1053 schisma
1366 1051 1368 1056 .

240 1099 303 1154 aut
331 1081 447 1153 facitis
477 1093 539 1151 aut
568 1079 717 1165 colitis,
754 1097 835 1148 cum
863 1077 1014 1148 videatis
1046 1077 1128 1167 quid
1158 1079 1310 1171 magistri

240 1183 347 1275 primi
363 1179 552 1251 schismatis
573 1179 646 1271 pati
668 1190 898 1248 meruerunt:
936 1199 978 1248 an
1004 1179 1085 1267 quia
1106 1172 1214 1247 cessat
1232 1180 1309 1251 talia
1400 1209 1402 1214 ·

240 1282 357 1354 modo
378 1277 553 1368 vindicta,
578 1278 663 1347 idco
681 1278 745 1346 tibi
770 1295 850 1346 cum
875 1277 942 1347 tuis
961 1277 1120 1347 vindicas
1137 1276 1310 1347 innocen-

239 1377 356 1454 tiam?
382 1381 482 1451 Deus
503 1381 537 1448 in
555 1378 694 1470 singuiis
712 1376 820 1444 rebus
838 1376 1087 1464 exemplorum
1103 1370 1221 1464 posuit
1236 1375 1311 1446 for-

239 1499 355 1569 mam,
376 1493 417 1549 ut
435 1477 477 1550 sat
493 1477 590 1566 quod
609 1479 762 1562 imputet
778 1475 1015 1545 imitantibus:
1033 1477 1143 1567 prima
1161 1489 1310 1566 peccata

239 1579 284 1650 ad
309 1578 511 1660 exemplum
533 1571 681 1665 presens
703 1594 807 1664 poena
829 1573 1056 1667 compressit,
1085 1569 1239 1646 secunda
1255 1575 1308 1663 ju·

241 1678 341 1762 dicio
368 1674 576 1750 reservabit.
643 1675 740 1765 Quid
767 1673 912 1744 adhaec
947 1671 1070 1744 ditiori
1096 1670 1204 1763 estis,
1249 1673 1310 1762 qui

238 1774 411 1862 schisma‚'
439 1773 609 1864 usurpato
626 1768 792 1840 Ecclesiae
816 1776 987 1862 nomine,
1015 1772 1220 1844 &occulte
1246 1793 1310 1844 nu·
1374 1809 1377 1820 ·

237 1877 364 1961 uiris,
391 1873 667 1961 &impudenter
687 1869 906 1940 defenditis?

324 1993 381 2043 22.
408 1972 477 2066 Sed
494 1972 576 2060 quia
594 1970 700 2040 audio
724 1970 862 2057 aliquos
882 1970 926 2041 de
945 1965 1118 2042 societate
1133 1984 1210 2046 tua,
1238 1971 1309 2043 liti·

239 2071 350 2167 gandi
366 2067 482 2140 studio
499 2070 638 2140 chartas
657 2069 789 2139 habere
807 2066 928 2140 nescio
947 2091 1053 2158 quas:
1080 2072 1308 2160 querendum

242 2169 316 2258 est,
354 2172 480 2257 quibus
507 2167 549 2238 srt
573 2166 878 2240 accommodanda
905 2165 1015 2240 fides:
1050 2189 1127 2260 que
1149 2190 1229 2243 cum
1254 2190 1308 2241 ra·

240 2270 345 2339 u'one
371 2267 627 2352 concordent,
660 2287 738 2356 quae
762 2286 844 2360 pum
873 2271 1026 2352 veritate
1054 2265 1306 2342 confibulent?
1342 2303 1345 2314 ·

241 2367 404 2456 Vestrae,
439 2364 567 2438 fisunt
592 2367 744 2457 quuae,
772 2368 964 2438 mendaciis
990 2367 1087 2438 sorte
1115 2370 1308 2439 videantur

244 2464 398 2556 aspersae.
451 2464 602 2536 Nostrae
626 2469 765 2537 chartas
783 2468 942 2556 probant
962 2466 994 2538 &
1016 2466 1204 2538 conflictus
1228 2486 1308 2537 cau·
1380 2481 1382 2486 ·

242 2563 382 2655 sarum,
415 2562 449 2634 &
471 2568 727 2636 contentiones
748 2568 925 2654 partium,
960 2564 993 2635 ἀ
1018 2568 1134 2636 exitus
1156 2565 1306 2653 judicio·
1359 2633 1361 2640 ,

241 2683 344 2754 rum,
372 2662 586 2754 &epistolae
605 2661 843 2736 Constantini.
895 2663 987 2733 Nam
1012 2663 1110 2751 qnod
1131 2664 1176 2732 de
1201 2663 1306 2734 nobis

242 2764 381 2852 dicits&
408 2767 495 2854 Quid
509 2763 700 2855 Christianis
722 2786 791 2828 cum
813 2755 955 2853 regibus?
980 2778 1038 2830 aut
1054 2764 1130 2856 quid
1151 2763 1307 2858 Episcopi}
1347 2809 1350 2820 ι

241 2887 308 2932 cum
334 2860 476 2956 palatio?
511 2861 547 2931 Si
568 2878 658 2932 nota
680 2857 729 2930 est
748 2858 850 2930 nosse
868 2879 995 2954 reges,
1029 2882 1098 2933 vos
1123 2875 1203 2933 tota
1230 2884 1306 2952 per-

208 2957 212 2972 '
243 2961 363 3034 fundit
404 2962 550 3034 invidia.
614 2958 708 3030 Nam
744 2960 899 3050 majores
937 2958 1068 3039 vestri,
1106 2959 1317 3055 Lucianus,

242 3057 401 3154 Dignum
427 3059 615 3148 Nautius,
643 3056 794 3150 Capito,
818 3056 847 3130 F
848 3059 1021 3149 identius‚
1057 3060 1224 3132 &ceteri
1239 3063 1306 3134 im·

243 3176 449 3251 peratorem
466 3158 763 3249 Constantinum,
790 3158 912 3232 harum
938 3180 1054 3231 rerum
1078 3161 1194 3232 adhuc
1212 3163 1305 3254 igna-

243 3278 345 3349 rum,
380 3259 432 3331 his
462 3253 627 3349 precibus
650 3275 893 3352 rogaverunt:
931 3279 1078 3349 quarum
1104 3263 1306 3350 exemplum

201 3355 208 3420 .'
244 3356 520 3448 infrascriptum
539 3357 620 3429 este
637 3362 786 3449 Rogamus
804 3375 833 3428 re
852 3383 868 3427 o
889 3363 1098 3453 Constantine
1116 3367 1228 3453 optime
1247 3365 1305 3428 sm·
1334 3381 1336 3386 ·
1380 3433 1382 3438 ,

244 3476 397 3554 perator„
415 3463 564 3553 quoniam
586 3459 621 3526 de
638 3483 748 3547 gauere
763 3460 844 3552 juflo
864 3483 918 3543 es,
944 3465 1029 3552 cujus
1044 3480 1133 3552 poter
1149 3464 1237 3527 inter
1252 3484 1305 3526 ca·

247 3574 329 3628 teras
355 3561 559 3648 imperatores
582 3559 820 3647 persecutionem
844 3581 908 3625 nen
932 3565 1094 3643 exercuit,
1129 3556 1167 3631 (5
1188 3560 1226 3626 ab
1250 3560 1306 3625 stac

241 3656 388 3749 facinore
404 3663 554 3731 immunis
571 3656 608 3748 esi
626 3658 743 3725 Gallia.
797 3656 886 3727 Nam
908 3661 944 3724 in
963 3658 1075 3744 Africa
1092 3662 1179 3725 inter
1194 3681 1249 3726 nas
1267 3655 1306 3733 (5

206 3815 210 3826 .
247 3777 366 3828 cataros
391 3757 550 3851 Episcopus
567 3763 781 3832 contentiones
795 3756 883 3841 funt.
938 3759 1095 3841 Petimus,
1123 3774 1159 3826 ut
1178 3758 1212 3827 dc
1229 3760 1306 3830 Gai·

208 3899 223 3952 ,-
247 3856 296 3928 lic
315 3857 402 3926 uobis
418 3855 536 3953 judicis
558 3855 629 3924 dari
646 3861 808 3947 precipiat
832 3862 933 3947 pietas
955 3873 1024 3925 tua.
1083 3861 1213 3933 natea
1238 3863 1307 3928 Lu·

246 3963 358 4041 dano,
387 3959 507 4048 Digrm,
536 3955 698 4046 Nesactio,
717 3955 896 4053 Capitone,
922 3955 1094 4047 udentia.
1133 3962 1171 4034 U
1188 3964 1322 4052 euteria¹

247 4056 406 4156 Episcopi!
428 4057 732 4146 partirDoirair'.:··¹
839 4085 855 4098 ·’
918 4085 922 4104 ·
1280 4143 1286 4154 Ι
1323 4099 1331 4116 =

226 4231 232 4244 l
295 4153 510 4250 OpuntiAfrl
529 4149 663 4234 Trans
899 4152 934 4237 B
991 4253 1001 4278 x
1117 4155 1296 4255 ηψ-

1369 4373 1409 4473 d
