3200 4784
472 406 532 463 nn
555 362 945 475 Donatistarum
968 382 1215 495 Hrsronrn.
1298 408 1374 485 471

302 544 672 640 disceptationemque
686 545 724 621 u.
738 546 853 620 verba
870 545 903 621 tr
923 545 1039 620 sensus
1058 546 1282 633 &interiora
1302 548 1369 625 fint

300 648 440 743 negotii
466 644 723 740 pertractanda.
770 643 872 742 Ergo
896 666 977 721 cum
1003 647 1047 719 de
1071 644 1198 720 scheda
1222 650 1367 746 legitur,

301 747 337 818 dt
352 749 453 819 leves
470 767 585 819 voces
610 767 694 818 aura
717 746 987 841 quodammodo
1008 746 1254 840 ventilantur,
1291 747 1367 823 sen·

298 844 357 920 sus
378 843 491 918 nostri
513 866 641 941 capere
660 845 693 917 dt
714 845 871 920 retinere
892 867 967 919 non
991 844 1147 938 poliunt.
1197 844 1272 919 Ubi
1290 848 1366 922 hoc

299 959 363 1019 aut
387 945 445 1017 cui
468 943 672 1019 concellum
693 942 773 1018 esti
806 944 918 1019 fihac
934 945 1108 1019 felicitate
1125 947 1259 1042 ingenii
1281 967 1367 1041 gau·

298 1048 418 1136 dent,
454 1064 531 1116 non
557 1043 592 1117 se
613 1043 748 1136 jatlent
774 1044 819 1117 de
844 1048 1046 1141 arrogantia
1070 1047 1254 1118 memorie
1283 1044 1364 1123 suae.

295 1137 391 1232 Mihi
415 1159 634 1217 autemnon
659 1145 860 1238 competit,
897 1140 960 1219 nin
987 1142 1108 1237 saepius
1138 1159 1306 1237 repetere
1327 1147 1365 1221 dt

295 1245 465 1316 diuturna
490 1240 645 1321 leslione
668 1245 837 1337 edoceri,
868 1257 911 1316 ut
934 1241 1040 1341 fidem
1061 1246 1141 1316 veri
1164 1245 1362 1340 inveniam,

298 1341 428 1434 &quae
445 1341 617 1435 dixerim,
636 1344 814 1440 relegam,
834 1342 959 1434 &quae
978 1342 1197 1417 adversarius
1212 1345 1363 1440 objecit,

295 1443 494 1517 advertam.
544 1442 717 1538 Intelligis
729 1445 779 1515 ita
791 1463 868 1516 rem
884 1439 953 1515 elle
968 1440 1166 1538 gestorum,
1190 1442 1275 1518 ideo
1288 1465 1362 1519 me·

295 1542 422 1617 moriae
443 1539 695 1634 scripturarum
717 1561 782 1635 per
804 1543 943 1615 litteras
964 1542 1193 1638 digeruntur,
1221 1562 1267 1615 ne
1286 1542 1367 1618 sola

292 1640 489 1731 memoria,
516 1661 593 1735 quae
610 1660 722 1736 capax
738 1639 809 1717 elle
827 1662 905 1715 non
922 1640 1064 1737 potest,
1090 1642 1280 1714 oblivione
1298 1643 1362 1715 de·

294 1753 403 1832 cepta
430 1739 515 1831 quid
535 1737 697 1834 gellerit,
729 1740 873 1819 nesciat.
924 1741 1056 1831 Neque
1078 1738 1171 1814 enim
1191 1742 1293 1813 aliter
1311 1739 1359 1814 sa·

252 1879 259 1899 ι
291 1841 428 1937 pientia
444 1839 664 1932 providente
683 1838 934 1931 scripturarum
950 1841 1081 1912 notitia
1098 1840 1361 1913 monumentis.

293 1942 365 2029 que
379 1939 531 2029 publicis
545 1936 690 2032 provisa
705 1937 779 2032 est,
806 1938 868 2013 nilr
884 1952 926 2009 ut
942 1959 987 2012 ex
1005 1937 1180 2021 lectione,
1201 1960 1277 2031 quae
1292 1961 1358 2033 per

289 2038 469 2118 silentium
494 2037 620 2121 forte,
656 2050 718 2113 aut
742 2040 977 2134 perlongum
1005 2051 1171 2132 tempus,
1207 2052 1268 2111 aut
1292 2059 1358 2131 per

289 2135 450 2229 ipsorum
464 2136 602 2212 atinum
616 2138 928 2215 continuationem
943 2138 1059 2211 minus
1077 2138 1155 2230 capi
1170 2151 1278 2232 atque
1293 2140 1358 2210 mi-

290 2257 359 2315 nus
377 2237 527 2334 intelligi
545 2236 686 2331 potest,
713 2237 747 2310 dt
768 2260 814 2311 ex
833 2235 990 2313 lectione
1009 2238 1042 2310 u
1060 2259 1105 2309 ex
1128 2237 1205 2330 ipso
1224 2237 1355 2311 assiduo

290 2335 445 2412 trattaru
468 2337 571 2431 polit
595 2337 760 2435 agnosci,
794 2337 878 2431 quid
904 2336 947 2410 stt
965 2337 1102 2428 judicio
1126 2335 1356 2411 ventilatum.

289 2435 407 2511 Vides
436 2457 546 2533 ergo,
579 2442 637 2511 vir
656 2439 812 2528 nobilis,
839 2435 931 2529 justa
949 2457 1018 2507 nos
1038 2431 1252 2527 deposcere,
1286 2453 1358 2507 nec

288 2556 356 2629 per
371 2538 559 2609 transitum
578 2537 714 2611 causam
736 2536 868 2611 debere
885 2534 1073 2623 ventilari,
1100 2531 1158 2609 sed
1177 2531 1281 2602 editis
1297 2554 1356 2628 ge-

288 2633 350 2713 stis
371 2635 408 2705 in
432 2635 599 2706 notitiam
618 2632 774 2705 nostram
790 2633 902 2722 datis,
928 2630 1101 2705 universis
1118 2628 1357 2724 pertraslatir,

292 2729 431 2809 causam
445 2732 577 2805 debere
597 2728 828 2826 cognoscere.
851 2732 911 2805 „Et
925 2731 992 2802 alia
1010 2754 1120 2809 manu.
1146 2726 1201 2803 Ut
1214 2727 1329 2824 supra.

366 2851 421 2924 29.
451 2826 603 2922 Puffidius
619 2826 782 2928 Episcopm
798 2829 937 2925 Ecclefiae
947 2831 1117 2903 Catholicae
1130 2829 1247 2902 dixitt.
1261 2827 1354 2902 Scri·

290 2943 393 3025 ptum
419 2929 491 3001 estt
525 2931 580 3006 Ex
600 2931 881 3026 multiloquiorum
904 2931 1026 3025 suffugies
1046 2945 1212 3029 peccatum.
1259 2927 1353 3002 'Hoc

291 3029 461 3120 quoniam
485 3049 553 3104 nos
574 3044 658 3105 aute
678 3033 809 3107 oculos
826 3031 1019 3122 habentus,
1052 3029 1140 3115 Deo
1162 3026 1353 3121 inspirante

287 3127 434 3200 verbosr
453 3128 566 3205 videri
580 3130 761 3206 nolumus.
785 3129 972 3223 Itaque,s1
990 3130 1129 3224 placet,
1153 3126 1196 3200 ad
1213 3124 1354 3203 calisam

288 3222 481 3320 veniatur,
509 3249 586 3319 quae
598 3231 764 3323 proxime
780 3232 835 3327 agi
850 3232 988 3330 poterit
1004 3225 1210 3315 &definiri5
1235 3244 1353 3301 mora·

288 3327 402 3403 torias
421 3341 540 3401 autem
557 3327 843 3421 prosecutiones.
896 3332 943 3403 Et
958 3353 1026 3399 cum
1042 3330 1167 3400 dicerer.
1223 3325 1353 3411 Eralia

287 3450 398 3500 manu.
432 3426 667 3524 Recognovi.
719 3429 935 3503 Marcellinus
952 3436 1008 3500 uir
1024 3423 1215 3519 clurifflmus
1234 3419 1354 3503 ‘lissit-

289 3539 354 3604 nus
369 3523 407 3602 ss
423 3529 585 3598 liuterius
599 3529 706 3601 dixit:
732 3528 911 3631 Legatur,
938 3528 1036 3620 quod
1051 3524 1216 3620 praecepi·

365 3648 422 3719 30.
457 3625 624 3698 Emerirus
648 3628 815 3724 Episcopus
838 3629 947 3700 dixit:
986 3627 1088 3700 Sicut
1109 3624 1154 3701 de
1180 3623 1353 3720 scriptura

288 3723 491 3823 proposuit,
509 3725 741 3823 scriptumest
756 3727 881 3801 nobis:
907 3730 1076 3825 Sapientia
1093 3723 1267 3815 abscundita
1280 3727 1354 3798 tlu-

284 3825 401 3920 suurur
419 3826 557 3916 invisus.
607 3829 689 3918 Qua
709 3827 842 3899 utilitas
858 3830 895 3899 ie
911 3821 1064 3927 utroque?
1098 3824 1146 3900 Et
1159 3823 1226 3902 ulla
1244 3848 1352 3904 mann·

288 3924 916 4027 Emeritusllpisco'pusrecognovi.
971 3946 973 3955 ’
1035 4006 1039 4011 ,
1125 3944 1130 3953 “
1200 3942 1203 3947 ·

806 4120 873 4228 Gg
896 4098 976 4223 Γ
1009 4128 1016 4135 ’
1147 4100 1309 4220 'gnen-
