3200 4784
194 3534 201 3695 i'

506 405 511 416 “
588 407 736 494 Lrnra
765 417 991 495 'aranon
1267 425 1323 516 ῦς

241 571 344 666 sunta
371 585 434 648 not
452 591 498 648 ex
513 577 707 652 voluntate
725 575 797 652 Dei
815 576 1044 657 descendunt.
1096 575 1179 655 Nos
1199 593 1320 658 autem

228 677 332 772 'iude
350 677 457 758 alieni
478 673 608 750 sumus.
1017 695 1020 701 ·
1096 729 1099 734 -

327 797 383 849 ro.
411 775 509 872 Quid
529 776 553 848 n
575 777 736 866 quamvis
757 771 897 870 aspera,
924 791 1046 850 tamen
1063 772 1126 869 (ut
1141 777 1315 876 diximus)

243 875 337 948 cum'
346 876 539 946 voluntate
550 873 620 946 Dei
639 877 808 950 videntur
825 874 894 948 ess'e
914 873 1121 950 commiiiai
1147 877 1314 974 Legimus

242 975 348 1046 enim
362 973 398 1044 in
411 970 601 1046 Ezechieie
618 973 798 1066 Propheta
812 977 984 1070 parietem
1001 975 1224 1068 dealbatum,
1257 979 1316 1050 cui

242 1071 352 1145 Dour
369 1075 605 1156 comminatur
625 1072 676 1146 est
696 1075 964 1168 tempestatem,
997 1074 1156 1168 pluviam
1177 1073 1211 1144 dr
1229 1075 1315 1167 lapi-

243 1171 311 1244 deo
326 1173 564 1265 petrobolos,
585 1171 893 1248 &accusationem
921 1176 1056 1260 Erunt,
1081 1173 1217 1264 inquit,
1238 1174 1316 1269 falfi

243 1287 362 1360 voees,
378 1275 434 1368 qui
446 1275 600 1362 notificent
612 1273 773 1362 ruinosum
785 1281 957 1370 parietem,
978 1279 1137 1354 dicentes,
1152 1293 1219 1368 pax
1233 1292 1315 1367 pax:

242 1371 286 1447 6
302 1371 358 1439 ubi
370 1365 459 1468 pax?
481 1370 757 1464 Recordamini‚
784 1375 987 1465 quomodo
1005 1393 1024 1444 a
1040 1371 1149 1444 vobis
1163 1371 1235 1462 jam
1251 1371 1315 1442 du-

244 1470 333 1544 dum
357 1473 479 1545 matris
506 1469 672 1542 Ecciefiae
699 1475 856 1546 membra
887 1475 931 1546 ab
963 1473 1121 1544 invicem
1155 1469 1315 1543 distrasta

243 1568 341 1645 sunt.
394 1569 486 1642 Non
506 1573 600 1644 enim
621 1589 903 1664 unamquamque
922 1571 1069 1644 domum
1090 1566 1194 1641 semel
1216 1567 1315 1642 sedu-

243 1689 334 1742 cere
358 1667 537 1759 potuistis.
599 1666 675 1740 Aut
696 1671 783 1741 abiit
806 1689 922 1757 uxor,
949 1667 1130 1742 &resedit
1148 1670 1313 1743 maritus:

209 1769 212 1774 ’
242 1783 312 1842 out
328 1781 496 1858 parentes
512 1765 641 1840 sedutti
657 1765 756 1857 sunt,
777 1766 811 1836 dt
825 1763 887 1836 filii
900 1765 996 1855 sequi
1007 1769 1225 1841 noluerunt:
1252 1780 1315 1840 aut

237 1865 349 1940 stetit
366 1864 499 1956 frater,
525 1865 650 1936 sorore
668 1865 860 1959 migrante:
887 1861 1165 1956 persuasionibus
1185 1864 1313 1940 vestris

242 1960 367 2036 divisa
382 1963 463 2034 sunt
477 1983 634 2054 corpora
652 1964 685 2036 dt
700 1963 844 2036 nomina
862 1962 1024 2056 pietatis:
1051 1965 1084 2038 dt
1102 1986 1177 2038 non
1193 1968 1315 2059 potui-

240 2063 308 2138 stis
325 2063 620 2154 praetermittere,
640 2063 737 2153 quod
754 2064 946 2158 legitimum
961 2063 1022 2141 est.
1073 2064 1211 2158 Utique
1227 2067 1314 2139 dixi·
1395 2119 1397 2124 -

243 2159 327 2246 stis,
346 2182 412 2255 pax
424 2161 599 2258 vobiscum
624 2181 704 2234 cum
723 2163 987 2256 Deuocontra‚
1005 2184 1087 2260 pax,
1106 2165 1146 2241 d
1160 2161 1213 2236 ubi
1221 2159 1314 2262 pax?

243 2260 322 2334 hoc
336 2259 387 2332 est
398 2261 540 2353 dicere,
566 2261 799 2358 quidfitltrtot,
823 2264 859 2332 dr
870 2287 928 2359 quo
944 2287 1008 2334 non
1025 2259 1141 2336 nates?
1165 2269 1239 2362 quid
1254 2290 1312 2337 nt-

245 2365 373 2446 mino,
396 2360 479 2457 quod
500 2358 743 2458 exterminasti?
769 2362 895 2450 salutat
909 2363 945 2431 de
958 2385 1051 2458 pace,
1076 2369 1134 2460 qui
1147 2389 1312 2434 ornamus

242 2478 360 2556 pacem.
424 2463 494 2544 Hi,
521 2460 657 2554 inquit,
682 2463 837 2553 edificant
856 2465 1016 2546 ruinosum
1037 2469 1213 2556 parietem,
1247 2463 1313 2534 do·

247 2579 325 2631 mus
358 2557 429 2630 Dei
457 2577 529 2630 una
553 2559 614 2634 est.
667 2563 741 2657 Qui
765 2560 864 2633 foras
888 2575 1081 2644 exeuntes,
1107 2574 1244 2654 partem
1262 2559 1311 2632 fa·

249 2677 329 2732 cere
356 2659 580 2748 voluerunt,
617 2663 787 2749 parietem
814 2659 1007 2751 fecerunt,
1039 2676 1116 2730 non
1146 2659 1312 2732 domum:

249 2757 329 2848 quia
348 2777 425 2830 non
448 2755 501 2828 est
515 2760 606 2829 aiter
623 2759 750 2842 Deus,
776 2757 837 2845 qui
855 2757 999 2828 aiteram
1015 2756 1160 2830 domum
1177 2757 1313 2831 inhabi-

249 2869 313 2930 tet.
370 2855 459 2928 ldeo
483 2859 655 2945 parietem
682 2851 803 2926 feeiiie
824 2854 990 2926 dicuntur
1017 2853 1087 2927 frist
1114 2869 1241 2948 vater,
1273 2857 1312 2930 in

249 2975 352 3046 quo„
367 2954 390 3027 st
406 2955 513 3044 janua
529 2953 638 3026 fuerit
652 2953 852 3044 collocata,
880 2955 1093 3046 quicumque
1107 2956 1311 3046 intraverit,

204 3124 209 3134 .
247 3051 337 3129 foria
361 3052 423 3127 est.
481 3052 564 3126 Nec
586 3053 736 3146 lapidem
760 3054 891 3126 habere
915 3056 1115 3150 angularem
1136 3074 1228 3127 unus
1253 3075 1313 3146 pa·

248 3155 317 3228 ries
339 3151 484 3247 potest,
511 3155 569 3247 qui
591 3156 679 3247 lapis
702 3151 754 3226 est
774 3151 954 3245 Christus,
979 3154 1070 3227 duos
1095 3137 1131 3225 in
1157 3152 1191 3227 se
1211 3151 1313 3224 susci·

249 3255 350 3347 piena
376 3255 556 3344 populos:
587 3274 698 3326 unum
726 3253 771 3325 de
794 3253 980 3347 gentibue,
1015 3255 1166 3326 aiterum
1189 3252 1234 3324 de
1258 3253 1313 3338 ¹iu·

205 3393 210 3406 ·
249 3353 354 3439 ἀπίης
372 3353 433 3443 qni
447 3353 549 3422 nodo
563 3353 788 3445 pacisjungit
805 3366 985 3442 utrunque
999 3355 1182 3438 parietem.
1215 3337 1312 3424 N'tm

250 3460 343 3544 quot
360 3452 553 3525 commoda
569 3453 677 3524 habet
692 3453 841 3533 domus,
860 3463 920 3522 tot
935 3450 1165 3523 incommoda
1184 3450 1310 3539 paries.

249 3549 391 3624 Domus
410 3549 541 3622 inclusa
559 3550 737 3637 custodit,
764 3546 1009 3639 tempestatem
1026 3547 1208 3625 retundit,
1234 3547 1313 3636 piu·

194 3696 198 3745 ἦ
249 3646 559 3736 nundinorum,
592 3649 771 3721 latronem
804 3661 865 3718 aut
887 3641 1002 3718 furem
1028 3661 1088 3718 aut
1116 3641 1226 3716 feram
1249 3644 1311 3718 be.-
1373 3652 1385 3664 ”

193 3777 198 3790 ·
247 3747 347 3824 stiam
371 3767 447 3821 non
469 3747 644 3820 admittit:
675 3746 723 3818 sre
741 3747 775 3818 dt
795 3743 950 3818 Ecclesra
970 3741 1159 3813 Catholica
1184 3759 1310 3818 omne!

193 3921 199 3941 ,
249 3843 345 3944 fiiioa
360 3848 457 3940 pacis
476 3845 614 3942 gremio
633 3843 666 3915 dt
686 3844 761 3917 stnu
777 3840 840 3916 suo
858 3837 1118 3933 complectitur.
1170 3837 1312 3916 Contra

250 3951 389 4044 paries,
416 3948 475 4040 qui
498 3945 549 4020 est
571 3940 765 4018 aedificatur
783 3939 970 4031 ruinosus,
994 3955 1062 4013 neo
1082 3939 1235 4028 lapidem
1253 3959 1312 4014 ao·

251 4051 411 4148 quierem
433 4043 599 4138 sustinet,
628 4043 663 4118 dt
683 4042 827 4139 ianuam
849 4038 923 4115 fine
949 4035 1057 4146 cania-
1075 4039 1206 4131 habet,
1242 4056 1312 4128 nec

193 4196 198 4218 .
299 4139 418 4253 Optur'i
431 4145 513 4244 Afri
532 4145 662 4222 Tutini.
898 4133 931 4214 E
1150 4135 1291 4214 inciu-¹
