3200 4784
290 504 292 509 Ι
427 376 905 507 ιι”ιι1)οιιι”ιιιτιιιυιι
928 396 1183 479 lissa-ouius
1266 406 1340 497 461

266 557 463 660 praesentes
481 560 712 657 praesentibus
727 560 1012 636 mandaverunt:
1037 564 1158 637 tanien'
1174 582 1223 637 ne
1237 584 1342 641 mura

272 663 454 753 superflua·
465 677 695 754 conteratur,
718 664 853 752 reliqua
874 676 1059 759 percurrat
1073 662 1242 738 officium.
1290 668 1340 737 Et

269 769 437 837 sosirsois.
481 759 657 834 Martialis
684 761 885 854 Episcopus
912 760 1099 835 idicrensis
1124 782 1192 856 pro
1215 762 1339 839 Felice

273 861 446 939 Garbensr
462 861 496 932 dt
512 861 612 956 Justo
626 861 829 951 Formensr,
855 860 967 951 quiin
984 863 1114 935 itinere
1129 862 1229 935 causa
1243 860 1340 937 infir·

270 963 406 1039 mitatis
428 962 565 1033 detenti
583 956 683 1051 sunt,
717 981 786 1053 pro
813 962 863 1032 eis
884 957 1075 1055 subscripsi.
1126 965 1339 1035 Mososdious

271 1069 331 1132 vis
352 1057 538 1150 clarissimus
565 1053 787 1136 Tribunus&
809 1063 973 1133 Notarius
987 1060 1096 1131 dixit.-
1128 1058 1247 1135 Etium
1264 1066 1340 1137 hoc

270 1161 443 1254 superiori
470 1158 609 1232 cunstat
632 1158 702 1232 eise
727 1159 921 1233 consimile.
979 1159 1028 1231 Er
1050 1161 1179 1256 ¹udjosir.
1227 1161 1339 1237 Aliud

270 1263 461 1335 recitetur.
514 1265 708 1330 Marcianus
721 1258 885 1355 Episcopus
897 1259 1035 1353 Ecclessu
1047 1262 1217 1331 catholica
1228 1264 1337 1335 dixit.-

271 1359 373 1436 Felix
400 1356 596 1451 Episcopus
615 1357 802 1453 Garbenlis
824 1358 871 1430 de
893 1358 1006 1430 domo
1031 1356 1090 1431 sua
1111 1364 1191 1435 non
1208 1362 1337 1435 exivit.

274 1462 324 1533 Er
343 1464 505 1532 recitauit.
539 1458 763 1531 Gaudentius
777 1456 978 1550 Episcopus
992 1449 1219 1553 Tigilitanus.
1243 1464 1342 1556 sss·-

265 1561 388 1651 ssom'us
415 1558 578 1655 Episcopus
600 1562 789 1651 Sigsirsnus
812 1558 917 1627 dixis:
953 1554 1176 1631 Gaudentius
1197 1561 1338 1654 collega

269 1657 422 1749 noster,
463 1654 663 1751 Episcopus
684 1660 759 1730 loci
780 1655 967 1749 Tipisrtani
993 1651 1209 1734 infirmitatis
1234 1660 1337 1734 causa
1382 1748 1389 1757 ἱ

270 1759 308 1831 iu
323 1760 451 1830 itinere
468 1757 642 1832 remansit.
694 1757 766 1829 Pro
787 1776 835 1829 eo
853 1753 1046 1847 subscripsi.
1136 1824 1139 1829 .

347 1880 429 1932 210.
455 1860 712 1929 ussumossoss
727 1855 892 1950 Episcopus
904 1855 1042 1951 Ecclefiae
1054 1856 1221 1925 Catholicis
1234 1859 1336 1933 dixsit

269 1955 456 2031 'sestatum
469 1956 511 2029 sit
528 1955 611 2030 aslis
625 1955 847 2031 sublimitatis
860 1969 951 2045 tuae,
977 1954 1062 2027 ideo
1077 1954 1155 2027 haec
1170 1951 1268 2038 lieri,
1289 1971 1336 2045 ‘ut

267 2057 383 2149 major
401 2059 565 2129 videatur
583 2076 710 2131 eorum
725 2050 1189 2146 numerusEpiscoporurns
1216 2074 1337 2148 quarn·

268 2158 327 2228 vis
346 2176 414 2227 nec
429 2156 475 2229 stc
489 2154 688 2229 Catholicis
706 2154 811 2248 pollit
825 2153 967 2245 aequari.
994 2154 1235 2227 Ecoliomanu.
1262 2156 1336 2235 Re·

270 2255 443 2351 cognovi.
484 2257 565 2327 Item
587 2261 746 2328 recitavit.
790 2253 961 2327 Donatus
987 2250 1186 2346 Episcopus
1210 2255 1337 2327 Sucar·

268 2355 395 2431 densis.
451 2360 664 2427 Marinianio
686 2354 856 2453 Episcopus
877 2354 988 2447 dixit:
1018 2352 1091 2425 Hic
1114 2351 1166 2425 est
1188 2354 1226 2426 in
1248 2354 1336 2426 civi·

265 2469 363 2544 tate,
390 2453 449 2527 sed
468 2444 644 2551 aegrotat.'
791 2544 793 2549 ¹
1054 2460 1075 2491 ·’
1315 2532 1319 2539 ,

344 2548 428 2630 2'11.
456 2557 663 2624 Marsssissus
686 2560 745 2623 vir
765 2547 958 2639 slsriffimus
979 2541 1146 2621 Tribunus
1167 2550 1207 2625 U
1230 2551 1336 2623 Ilisso·

266 2659 337 2726 sius
356 2653 459 2723 dis'sir:
492 2652 547 2723 Ut
563 2651 688 2743 statui,
713 2648 805 2722 lesia
825 2652 862 2719 in
878 2646 1001 2721 seriem
1017 2646 1223 2721 referentur
1238 2648 1335 2724 asto-

266 2773 359 2827 rum.
411 2752 576 2847 Quoteni
592 2765 709 2822 autem
728 2749 797 2821 siut
815 2749 1002 2839 utriusqus
1022 2748 1133 2840 partis
1148 2746 1335 2843 Episcopi,

267 2870 423 3022 qpfimum
448 2847 655 2942 subscriptio
683 2852 835 2923 recitata
860 2845 936 2940 est,
963 2848 1177 2921 cauculatim
1202 2850 1336 2943 pandat

267 2969 293 3024 ο
333 2969 455 3031 crum„

341 3070 426 3137 212.
454 3048 602 3126 Aurelius
617 3047 782 3142 Episcopus
798 3046 935 3141 Ecclesia
946 3047 1233 3120 cosuuissdtxiss
1257 3044 1335 3121 Ad·

264 3148 339 3224 huc
356 3147 435 3219 sunt
453 3146 639 3239 praesentes
658 3149 808 3242 collegae
822 3148 954 3235 nostri,
980 3146 1336 3241 quisubscriptiones

263 3247 343 3322 suas
359 3248 527 3321 mandato
544 3268 619 3320 non
636 3248 855 3321 indiderunt
883 3247 1063 3339 Occupati
1078 3249 1173 3323 enim
1189 3246 1336 3321 fuerant

264 3347 328 3421 vel
350 3343 557 3420 infirmitate
582 3351 654 3419 vel·
670 3346 896 3439 necesitate,
925 3348 987 3419 vel
1009 3350 1114 3419 etiam
1135 3345 1259 3439 postea
1280 3344 1334 3419 su·
1402 3418 1405 3422 ,

262 3460 523 3541 pervenerunt.
574 3446 755 3539 uetiam,
778 3447 892 3539 iube,
917 3459 959 3521 ut
983 3446 1122 3546 cogniti
1145 3444 1330 3523 accedant.

266 3549 316 3621 Er
331 3548 397 3616 slis
411 3554 519 3617 mons.
552 3544 784 3642 Recognovi.

340 3665 422 3737 213.
452 3648 658 3717 Morcesinus
681 3651 739 3715 vis
762 3639 946 3737 slorffmus
960 3640 1140 3717 Tribunus
1162 3638 1201 3719 tls
1223 3643 1332 3715 Noto·

266 3749 337 3817 rius
358 3749 464 3817 dixis:
504 3746 651 3839 interim
678 3764 805 3819 eorum
830 3760 1020 3823 numerus,
1046 3744 1105 3833 qui
1126 3738 1331 3836 subscr-ipse·

262 3860 369 3935 runt,
396 3847 440 3917 ab
460 3842 582 3917 officio
605 3841 882 3917 demonstretur.
935 3845 1132 3932 Rufinianus
1149 3845 1261 3915 Scribo
1279 3845 1331 3911 di·

228 3990 233 3996 ·
262 3950 336 4015 xii.-
360 3940 523 4037 Excepta
545 3965 586 4015 ea
605 3944 753 4038 pagina,
779 3962 858 4036 quac
877 3956 1039 4017 errorem
1060 3942 1170 4015 habet
1191 3943 1229 4015 in
1250 3938 1330 4013 sub·

261 4040 458 4135 scriptione
484 4042 779 4137 oonsuuurum,
813 4041 1018 4119 invounus
1040 4044 1188 4121 nonunt
1210 4040 1330 4155 coptu,

1067 4150 1075 4167 ‘
1189 4158 1290 4214 ιιιιιι
