3200 4784
384 385 445 480 or
470 400 876 480 Donarasranuu
905 401 1164 510 Hierocae.
1241 421 1310 499 153

244 571 321 643 rito
340 563 604 642 consecratam!
638 583 662 636 o
682 561 908 638 beatissimam
929 561 1129 656 Martyrem
1154 585 1309 661 evange-

245 672 317 741 lica
338 665 556 760 professione
580 661 821 754 ciarissinram,
849 682 924 753 que
945 662 1122 736 dominica
1140 686 1237 740 voce
1253 686 1310 740 re·

245 757 410 860 spondit:
450 764 498 838 Hi
515 761 595 837 sunt
617 762 744 835 fratres
764 761 855 852 mei,
882 762 941 852 qui
958 761 1028 834 Dei
1052 777 1228 858 praecepta
1248 786 1309 839 cu·

245 865 420 940 stodiunt.
473 864 616 959 Quibus
644 862 791 951 auditis,
813 859 1002 932 ‘Anuiinus
1029 862 1187 956 deposita
1211 865 1307 959 Judi·

246 967 299 1037 cis
327 962 566 1055 austeritate,
602 960 646 1033 ad
678 956 935 1053 persuasionem
964 963 1089 1053 pueilae
1115 962 1308 1042 descendit.

246 1061 405 1136 Consule
419 1064 506 1153 tibi,
527 1062 653 1154 inquit.
706 1058 824 1131 Vides·
836 1060 929 1131 enim
944 1057 1090 1134 fratrem
1106 1075 1206 1135 tuum
1224 1085 1309 1155 pro.

246 1163 375 1237 videre
401 1164 607 1255 cupientem
633 1157 732 1230 saluti
756 1171 837 1229 tue.
901 1155 967 1230 Cui
990 1160 1132 1253 Martyr
1155 1158 1306 1237 Christi:

246 1263 356 1337 Mens
372 1282 452 1337 mea
467 1258 537 1352 est,
553 1258 698 1349 inquit,
725 1275 905 1345 nunquam
923 1270 1057 1330 mutata
1074 1258 1159 1335 sum.
1210 1261 1308 1339 Nam

248 1364 339 1435 &in
361 1357 511 1434 collecta
532 1358 607 1452 sui,
646 1354 913 1440 &dominicum
934 1357 1198 1444 cumfratribus
1215 1364 1308 1435 cele·

248 1463 374 1553 bravi,
409 1460 490 1550 quia
513 1455 708 1532 Christiana
733 1451 818 1530 sum.
870 1456 963 1526 Mox
988 1474 1068 1528 cunr
1090 1456 1166 1529 haec
1184 1458 1309 1533 Anuli·

248 1581 316 1634 nus
338 1557 507 1652 audisset,
533 1556 633 1630 furiis
647 1553 798 1649 agitatus
815 1553 960 1638 exarsit,
987 1553 1139 1648 p'ueiiam
1157 1556 1310 1633 sacratis·

248 1660 366 1734 samam
384 1658 583 1750 Martyrem
601 1651 729 1728 Christi
743 1655 779 1726 in
796 1673 975 1730 carcerem
991 1675 1156 1732 unacum
1172 1660 1308 1736 caeteris

248 1760 438 1853 relegans,
464 1754 609 1848 pasioni
627 1771 754 1826 omnes
770 1751 979 1828 reservavit.

328 1875 385 1943 ις.
410 1854 480 1926 Sed
498 1854 700 1932 Hilarianua
721 1851 838 1925 adhuc
853 1848 1054 1944 supererat,
1079 1876 1171 1930 unus
1190 1858 1235 1933 de
1251 1880 1309 1935 m.

200 1935 221 1964 ³
250 1957 296 2027 tis
318 1937 525 2046 Presbyte'ri
547 1952 722 2042 Martyria
744 1949 949 2044 Saturnini,
977 1954 1037 2045 qui
1057 1968 1197 2033 aetatem
1215 1958 1311 2038 suam

248 2052 434 2147 parvulam
458 2051 594 2145 ingenti
623 2050 827 2124 devotione
854 2051 1034 2128 vincebat.
1092 2053 1311 2152 Hicpatris,

247 2143 471 2240 fiatrumque
493 2150 681 2244 triumphis
706 2169 948 2243 approperans
969 2152 1094 2248 iungi,
1135 2155 1227 2229 diras
1254 2174 1310 2252 ty-

248 2254 350 2326 ranni
376 2250 490 2328 minas
516 2269 594 2326 non
620 2261 693 2322 tam
720 2249 932 2342 exhorruit,
970 2271 1074 2342 quam
1101 2255 1138 2327 in
1163 2257 1312 2356 nibilum

253 2352 365 2424 duxit.
418 2349 514 2426 Huic
530 2369 612 2424 cum
631 2347 826 2421 diceretur:
854 2347 993 2428 Patrem
1013 2363 1138 2445 tuum,
1164 2370 1226 2427 aut
1243 2355 1314 2429 fra.

249 2464 322 2522 tres
349 2465 432 2522 tuos
453 2448 594 2522 secutus
618 2445 683 2522 ea?
718 2445 836 2532 sstbito
863 2449 967 2523 brevi
987 2450 1031 2556 de
1054 2471 1212 2542 corpore
1234 2475 1319 2530 vox
1384 2479 1387 2486 ·

248 2550 419 2641 juvenilis
439 2548 605 2636 auditur,
641 2547 675 2618 dt
698 2544 879 2644 angustum
901 2548 1002 2638 pueri
1021 2547 1143 2638 petius
1163 2552 1206 2624 ad
1227 2573 1314 2629 con·

252 2647 434 2723 sessionem
450 2647 598 2720 Domini
620 2641 740 2718 toturn
757 2646 914 2735 aperitur
929 2643 966 2715 in
980 2663 1079 2718 voce
1097 2646 1314 2745 responden.

252 2750 323 2819 tis:
360 2743 577 2818 Christianus
602 2741 701 2832 sum,
738 2742 771 2812 dr
795 2762 874 2813 mea
896 2739 1026 2832 sponte
1049 2757 1156 2838 atque
1183 2752 1326 2826 volun·

253 2861 329 2916 tate
353 2864 433 2918 curn
456 2857 556 2931 patre
581 2860 665 2912 meo
689 2840 722 2911 dr
744 2858 826 2914 curn
849 2839 1017 2915 fratribus
1039 2847 1127 2918 meis
1146 2846 1216 2921 feci
1239 2855 1315 2924 col·

254 2941 391 3016 letiam.
443 2941 626 3014 Audiebat
648 2939 758 3031 patris
780 2938 959 3013 Saturnini
984 2941 1157 3039 Martyris
1182 2970 1316 3028 vocem

255 3039 447 3136 perdulcis
466 3036 528 3112 iiiii
546 3050 682 3112 meatus
696 3040 815 3131 exire,
842 3039 876 3112 n
891 3037 1125 3118 confitentem
1140 3044 1317 3132 Christum

256 3141 455 3213 Dominum
468 3141 620 3235 linguam
637 3137 681 3212 de
694 3138 812 3215 fratris
826 3141 996 3237 exemplo
1011 3139 1219 3223 secuturam.
1245 3148 1317 3227 sed

257 3239 455 3331 ProconsuI
475 3237 622 3327 stultus,
648 3259 725 3310 non
742 3239 943 3334 intelligens
962 3257 1090 3314 contra
1106 3242 1139 3318 se
1157 3266 1235 3321 non
1251 3249 1319 3323 ho·

258 3341 396 3427 mines,
423 3335 480 3409 sed
503 3338 623 3411 Deum
640 3339 676 3409 in
694 3339 917 3434 Martyribus
938 3338 1125 3435 dimicare,
1151 3365 1220 3419 nec
1235 3348 1320 3436 quia

258 3440 293 3512 in
317 3438 508 3527 puerilibus
534 3438 633 3509 annis
652 3436 814 3532 ingentes
836 3442 972 3511 animos
992 3438 1184 3536 sentiebat,
1217 3459 1320 3537 puta-

258 3540 322 3610 bat
342 3556 491 3630 puerum
511 3538 701 3610 tormentis
720 3534 877 3610 infantia
895 3534 996 3631 poiie
1018 3542 1155 3616 terreri.
1208 3542 1320 3616 Deni-

260 3658 330 3726 que
358 3634 578 3726 amputabo,
611 3634 751 3728 inquit,
788 3634 983 3709 &conam
1006 3637 1068 3709 tibi
1089 3638 1123 3710 ἃ
1141 3637 1262 3718 nasum
1283 3643 1320 3719 ἀ

260 3736 459 3812 auritulus,
481 3731 574 3805 &sic
590 3747 628 3804 te
640 3732 794 3808 dimitto.
835 3731 892 3806 Ad
909 3735 983 3806 baec
1000 3734 1199 3814 Hiimianus
1214 3761 1319 3834 puer,

261 3837 392 3925 patris,
419 3832 640 3922 fratrumque
661 3832 852 3904 virtutibus
879 3831 1077 3928 gloriosus,
1101 3837 1247 3934 qui‘iam
1269 3842 1319 3916 di.

263 3930 418 4022 dicerat,
440 3954 458 4006 a
473 3931 664 4022 maioribus
681 3927 746 4001 suis
761 3943 942 4004 tormenta
960 3950 1211 4046 contemnere,
1225 3941 1322 4021 clara

263 4049 361 4109 voce
378 4031 580 4133 respondit:
607 4027 791 4134 Quidquid
807 4027 926 4106 facere
942 4034 1133 4135 volueris,
1145 4037 1224 4130 sac,
1241 4038 1325 4160 quia

799 4127 880 4225 us
1124 4133 1346 4295 affl
