3200 4784
523 395 669 463 ²04
866 429 877 438 .
1024 365 1670 444 Maxumum
1727 369 2128 444 Vtri-:nn

522 535 685 606 dem
720 485 1167 627 specialiter,
1221 527 1541 626 gaudee,
1596 529 1794 620 quod
1835 515 2120 603 tande'm
2163 529 2404 606 habita
2431 527 2684 623 iustis-

518 625 687 710 ssrria
734 629 1243 721 dijudicatione
1294 649 1423 701 eos
1469 629 1555 700 ad
1595 628 1968 701 meliorem
2015 628 2205 722 spem
2251 630 2670 706 fortunam-

523 753 663 824 que
710 727 1145 820 revocastis,
1214 747 1398 819 quos
1438 729 1833 823 malignitas
1881 728 2146 801 diaboli
2187 730 2582 803 videbatur
2621 753 2668 803 a

518 829 1031 924 praeclariffima
1072 830 1235 899 luce
1280 827 1453 922 legis
1492 825 1888 900 Catlioiicae
1927 827 2296 902 miserabili
2335 829 2452 902 sua
2493 851 2666 922 per·

517 929 839 1004 suasione
866 925 1213 1000 avertisse.
1296 925 1367 998 O
1400 947 1575 998 vere
1609 925 1858 998 vitii-ix
1891 929 2354 1021 providentia
2388 927 2662 1002 christi

518 1027 952 1101 Salvatoris!
990 1043 1071 1098 ut
1100 1029 1311 1100 etiam
1342 1027 1448 1098 his
1476 1023 1922 1116 consuleret,
1955 1029 2072 1118 qui
2095 1029 2238 1119 jam
2263 1025 2660 1101 desciscen-

518 1141 629 1200 tes
670 1149 707 1198 a
740 1128 1047 1198 veritate
1070 1180 1093 1216 ‚
1150 1125 1684 1218 quodammodo
1713 1125 2044 1198 adversus
2080 1127 2290 1218 ipsam
2327 1148 2523 1201 arma
2549 1129 2664 1200 in·

518 1228 867 1300 ducentes
906 1227 1233 1320 gentibus
1268 1225 1335 1296 se
1379 1227 1948 1316 copulaverunt·
2003 1227 2166 1316 quia
2205 1226 2254 1300 fi
2288 1229 2410 1298 vel
2449 1247 2656 1300 nunc

516 1347 693 1398 vera
742 1323 883 1397 fide
926 1326 1299 1396 voluerint
1334 1323 1670 1414 obsequia
1709 1321 2126 1397 sanstissimae
2153 1326 2292 1421 legi
2333 1325 2653 1414 deferre,

514 1427 920 1520 intelligere
962 1438 1363 1516 potuerunt
1411 1439 1748 1513 quantum
1786 1421 1906 1494 sibi
1943 1438 2124 1496 nutu
2161 1424 2300 1498 Dei
2349 1425 2432 1498 s1t
2477 1447 2654 1517 pro-

500 1525 767 1598 visum.
872 1521 967 1594 Et
995 1527 1139 1597 hoc
1170 1526 1493 1635 quidem,
1525 1519 1896 1595 sanstissimi
1921 1520 2247 1615 Fratres,
2285 1522 2654 1616 sperabam

517 1627 731 1698 etiam
764 1625 835 1693 in
873 1623 1014 1712 eis,
1055 1625 1309 1712 quibus
1342 1623 1660 1718 ingenita
1697 1620 1796 1694 est
1825 1623 2127 1696 maxima
2163 1623 2458 1696 durities
2499 1626 2658 1697 ani-

514 1729 651 1808 mi,
700 1720 895 1812 poffe
925 1722 1389 1816 reprehendi·
1370 1774 1393 1808 ‚
1447 1721 1563 1794 sed
1590 1741 1745 1793 non
1780 1721 2056 1812 profuit
2089 1723 2271 1813 apud
2297 1744 2424 1795 eos
2453 1721 2654 1796 recta
2691 1811 2698 1822 Ι
2729 1753 2738 1776 ·

519 1822 979 1914 dijudicatio,
1032 1843 1267 1914 neque
1306 1824 1377 1892 in
1412 1839 1668 1895 eorum
1699 1820 1932 1893 sensus
1967 1821 2264 1917 ingress‘a
2302 1821 2404 1896 est
2437 1822 2653 1896 Divi·

512 1921 702 1996 xiitas
752 1922 1083 2012 propitia.
1208 1921 1501 1994 Revera
1546 1921 1736 1995 enim
1779 1941 1929 1992 non
1983 1923 2338 1994 immerito
2392 1923 2480 1994 ab
2531 1921 2648 1995 his

513 2022 775 2114 procul
834 2019 1227 2092 abscesserit
1267 2018 1521 2092 Christi
1562 2021 1982 2108 clementia,
2035 2024 2108 2094 in
2141 2025 2393 2113 quibus
2421 2026 2648 2094 mani-

511 2118 689 2193 festa
726 2123 887 2189 luce
921 2122 1183 2210 claret,
1228 2120 1636 2209 hujusmodi
1674 2118 1852 2210 ess'e,
1906 2135 1988 2190 ut
2024 2141 2153 2192 eos
2189 2122 2401 2194 etiam
2433 2141 2472 2190 a
2506 2140 2652 2191 coe-

513 2218 669 2291 lesti
705 2218 1119 2311 provissone
1158 2217 1425 2312 exosos,
1455 2239 1860 2292 cernamus:
1913 2239 2066 2308 quae
2103 2222 2176 2292 in
2213 2217 2400 2313 ipsos
2439 2232 2652 2295 tanta

511 2317 803 2390 vesania-
839 2316 1249 2410 perseverat
1275 2371 1299 2406 ‚
1370 2319 1531 2390 c'um
1579 2319 1980 2391 incredibili
2037 2320 2439 2415 arrogantia
2481 2339 2648 2414 per-

507 2417 851 2492 suadeant
896 2418 1071 2510 fibi,
1136 2439 1291 2510 quae
1324 2438 1463 2490 nec
1498 2418 1680 2510 dici,
1745 2438 1884 2490 nec
1919 2419 2139 2491 audiri
2179 2419 2284 2492 fas
2321 2418 2466 2511 est,
2523 2421 2668 2510 deq

459 2581 465 2586 .
509 2516 887 2591 sciscentes
917 2539 953 2588 a
978 2517 1177 2590 reete
1198 2517 1473 2609 judicio
1502 2518 1712 2608 dato,
1751 2537 1896 2608 quo
1933 2516 2194 2591 coelesti
2220 2518 2644 2611 provifione

510 2639 742 2691 meum
782 2617 1118 2707 judicium
1154 2643 1282 2687 ens
1326 2618 1647 2707 cnmp'eri
1683 2614 2076 2707 pustulam-ez
2143 2639 2295 2707 quae
2339 2623 2463 2711 *ω’,ἱέὲ
2499 2639 2643 2691 tna-
2684 2615 2691 2618 ⁴

510 2719 850 2807 lignitatis
890 2719 958 2787 in
998 2719 1394 2791 eorundem
1434 2719 1847 2807 pefftorihus
1895 2715 2346 2807 13>ffl-i'sxaviffeffi,v
2431 2719 2640 2815 Qun-
