3200 4784
402 390 462 456 oa
489 378 880 477 Donattsraauu
905 368 1314 503 insonuisset

247 542 481 620 tentamentis
497 492 628 635 rigidus
643 552 750 633 atque
767 539 959 613 inlexibilis
975 553 1084 612 tenor
1098 494 1241 632 justitiae
1258 543 1319 615 de·

250 646 375 718 votius
393 638 597 727 obsisteret3
620 642 792 731 jubentur
820 642 1044 711 intervenire
1062 640 1228 731 judices,
1252 663 1316 714 co·

246 758 408 840 guntur,
444 756 486 813 ut
511 752 645 834 cogant
665 735 772 811 seculi
793 738 1015 829 potestates,
1049 740 1316 814 circumdantur

210 908 215 923 ‚
247 842 533 917 ventilationibus
549 841 697 924 domus
722 836 1026 929 proscriptionum
1042 834 1148 910 minae
1167 855 1317 937 protenf
1335 856 1339 871 ¹

250 946 386 1041 duntur
404 940 602 1028 divitibus,
640 937 877 1028 profanantur
894 935 1132 1027 sacramenta,
1163 939 1319 1031 superin-

248 1042 352 1116 duda
379 1039 603 1152 gentilitatis
614 1054 786 1130 caterva,
820 1040 1081 1109 conventicula
1104 1034 1199 1109 sacra
1223 1038 1316 1113 fiunt

249 1144 435 1215 luculenta
455 1137 638 1217 convivia.

324 1264 359 1325 4.
324 1240 463 1331 ulam
485 1256 562 1325 quae
586 1232 682 1307 ditia
701 1235 760 1305 vel
780 1231 877 1330 gesta
895 1230 999 1324 sunt,
1025 1234 1126 1308 illic
1116 1251 1212 1307 inter
1232 1258 1319 1330 epu·

249 1343 300 1414 las
314 1337 573 1410 lascivientium
585 1337 774 1426 juvenum,
791 1333 897 1405 &ubi
914 1332 1040 1425 praesto
1054 1334 1188 1405 fuerint
1204 1338 1318 1427 asper·

250 1432 420 1512 namer'tta
437 1433 656 1507 foeminarum
671 1430 784 1505 scelus
799 1431 853 1505 eli
861 1432 1023 1524 edicere,
1045 1430 1226 1509 fideliffimi
1236 1436 1320 1509 Fra

252 1555 334 1611 tres
388 1538 535 1633 Quanta
549 1546 700 1647 repente
713 1548 832 1605 rerum
847 1533 1018 1607 mutatio!
1044 1530 1212 1607 Balilica
1202 1556 1238 1607 in
1253 1556 1319 1627 po·

250 1642 393 1734 pinam,
420 1654 466 1706 ne
484 1634 624 1725 turpius
639 1632 775 1722 dicam,
803 1629 979 1705 conversa
1000 1632 1062 1705 esta
1116 1635 1191 1731 Qui
1208 1634 1319 1707 dolor

249 1734 411 1807 videre
401 1755 440 1814 m
461 1732 573 1803 domo
591 1732 661 1803 Dei
682 1746 820 1804 tantum
843 1733 1043 1823 piaculum,
1074 1732 1196 1806 locum
1217 1736 1318 1811 illum
1373 1754 1381 1777 l

255 1834 356 1906 castis
376 1835 544 1925 precibus
568 1830 601 1901 u
626 1831 725 1903 votis
750 1829 946 1921 alluetum,
980 1828 1123 1904 incestis
1144 1836 1316 1924 operibus

255 1936 289 2006 u
313 1932 435 2025 spuriis
454 1931 610 2003 vocibus
629 1928 831 2023 profanari!
863 1932 982 2025 Quis,
1010 1950 1103 2023 oto,
1128 1932 1318 2007 hominum

255 2033 447 2124 cujuslibet
464 2045 633 2104 extremae
648 2030 872 2117 conditionis
891 2032 985 2102 intra
1003 2028 1086 2104 suos
1107 2035 1261 2124 parietes
1282 2033 1320 2105 id

253 2132 337 2205 fieri
350 2129 560 2223 pateretur?
595 2149 704 2205 nemo
724 2130 798 2203 hoc
816 2131 950 2221 vellet,
977 2131 1040 2204 nist
1061 2132 1120 2221 qui
1142 2133 1177 2203 dc
1198 2133 1320 2209 facere

254 2231 381 2326 pollet.
442 2232 532 2327 Quis
556 2232 638 2301 talia
659 2229 719 2301 vel
739 2228 820 2301 filiis
840 2231 974 2301 diaboli
1002 2228 1204 2303 authoribus
1224 2232 1320 2326 gesta

254 2346 388 2427 negat,
423 2333 484 2404 vel
507 2326 589 2401 faut
610 2327 775 2401 auctores
800 2326 1019 2400 Christianos
1047 2332 1224 2421 appellat,
1257 2330 1321 2402 nist

255 2435 313 2522 qui
348 2446 409 2502 aut
442 2426 554 2521 ipsum
589 2429 773 2500 diabolum
806 2427 1010 2499 excusatum
1043 2429 1153 2516 volit,
1187 2442 1248 2497 aut
1274 2430 1320 2500 de

253 2531 396 2603 Christo
412 2529 562 2601 domino
579 2528 679 2599 aliter
697 2525 828 2597 sentit?
862 2530 1007 2621 Quanta
1026 2523 1201 2617 serpentis
1221 2528 1321 2598 indu·
1384 2614 1387 2619 ,

250 2630 352 2703 stria!
380 2642 511 2718 quanta
532 2628 586 2696 his
607 2627 707 2695 malis
723 2624 953 2714 expediendis
970 2625 1155 2713 incubuit,
1183 2640 1223 2694 ut
1245 2641 1318 2700 tana

251 2730 312 2802 sua
338 2729 467 2798 familia
491 2725 617 2795 divino
640 2724 790 2793 nomine
812 2720 953 2793 titulata
973 2720 1008 2793 se
1034 2724 1168 2795 celaret
1189 2747 1234 2796 ex
1254 2747 1322 2797 no·
1400 2776 1402 2785 ,

250 2829 374 2912 mine,
401 2843 504 2912 quam
526 2838 662 2892 nomen
685 2820 751 2892 fuis
775 2824 946 2911 operibus
970 2821 1177 2895 infamaret!
1213 2845 1321 2897 ove·

251 2922 410 2999 neranda
433 2921 562 2993 divinae
580 2920 759 3011 patientiae
781 2922 917 2993 virtus!
951 2942 1029 3010 quac
1051 2936 1189 2995 tantum
1207 2924 1241 2997 sc
1260 2946 1322 2995 ex·

253 3024 427 3095 tendente
445 3022 524 3094 mali
543 3020 701 3110 nequitia
717 3018 1056 3115 sustinenspatitur,
1077 3038 1118 3093 ut
1135 3022 1224 3095 faita
1244 3024 1321 3097 sub·
1394 3096 1398 3107 ,

253 3124 329 3195 doli
353 3120 462 3194 hostis
487 3121 547 3193 fibi
576 3121 637 3190 vel
662 3118 725 3191 suo
755 3122 892 3193 nomini
917 3135 1076 3213 reputet.
1136 3122 1198 3195 Ne
1227 3126 1321 3214 quis·

252 3244 357 3313 quam
374 3219 519 3295 aestimet
534 3223 642 3312 leve,
669 3219 752 3311 quid
771 3220 933 3293 accidere
952 3224 1127 3310 quotiens
1140 3221 1322 3297 schismata

253 3324 287 3394 u
308 3319 456 3393 haereses
480 3322 665 3410 oriuntur,
701 3339 849 3411 quarum
871 3322 995 3409 utique
1015 3320 1210 3393 ministerio
1235 3343 1321 3412 pro·

237 3422 340 3494 'fano
367 3421 399 3492 dt
423 3439 536 3511 opere
561 3420 764 3492 adulterino
786 3419 908 3493 Deum
926 3419 960 3491 u
977 3418 1152 3493 Christum
1173 3420 1323 3493 infamat

253 3521 391 3593 Satanae
412 3515 688 3613 transfiguratio

329 3643 364 3708 5
390 3618 460 3691 Sed
484 3639 542 3689 me
567 3639 585 3686 a
608 3615 800 3708 propositis
817 3617 959 3711 longius
975 3636 1188 3709 evagemur,
1175 3568 1323 3689 sacra·

254 3737 332 3790 rum
356 3720 533 3812 virginum
554 3713 672 3807 stupra
694 3730 966 3806 praetereamus,
992 3719 1035 3787 ab
1059 3716 1127 3785 illis
1145 3715 1321 3789 Sacerdo-

219 3890 222 3899 ,
254 3831 331 3888 tum
354 3817 424 3889 Dei
448 3816 619 3891 diffimulo
639 3814 783 3903 caedes,
817 3815 1078 3904 contumelias,
1113 3816 1264 3907 praedam
1285 3816 1321 3888 dt

251 3913 364 4007 spolia
385 3931 514 4008 taceo,
548 3930 589 3984 ut
610 3914 716 3985 etiam
739 3912 802 4003 ipfr
821 3913 1020 4007 intelligant
1044 3934 1155 4005 pauca
1177 3936 1247 3986 nos
1273 3916 1320 3989 de

250 4017 367 4090 multo
394 4015 561 4091 consult-o
590 4014 806 4108 decerpere,
833 4013 867 4087 ds
891 4034 933 4089 ea
957 4014 1120 4089 brevitet
1146 4034 1191 4085 ac
1213 4033 1338 4083 sese--

1213 4125 1306 4177 Um·
