3200 4784
372 517 375 524 Ι
401 431 463 488 nu
487 406 896 524 Douu'rrsrssuss
914 403 1190 498 ,Hssrosrn
1254 437 1328 513 425

260 572 368 648 crosis
384 571 530 670 Episcopo
544 571 625 641 idem
639 570 743 639 disits
768 564 941 663 Agnosco
954 567 1065 643 illurn.
1102 571 1150 644 Er
1164 579 1329 660 recitauit,

260 671 483 748 Vincentius
504 667 704 762 Episcopus
724 665 878 739 Eccefiae
895 664 1107 744 Culusrtanae
1123 669 1332 774 Carthagini

261 770 483 845 constitutus
502 766 676 861 praesente
701 767 785 840 vlro
809 764 992 840 clarissimo
1010 763 1179 847 Tribuno
1199 769 1331 862 &Nn

263 873 361 944 tario
377 868 594 941 Marcellino
612 868 685 940 hoc
708 866 912 940 mandatum
932 863 1064 962 suscepi
1087 867 1330 976 &subscriptis

263 974 340 1064 Qus
355 975 486 1042 recitato
504 970 583 1039 islam
600 968 708 1037 dixit:
736 964 925 1039 Catholica
943 963 1005 1041 ell.
1053 971 1234 1045 Habetssus
1248 979 1333 1050 Dia·

265 1094 364 1141 canus
385 1070 490 1141 uiuis.-
519 1066 679 1153 Habuit3
712 1061 770 1137 sed
793 1063 906 1137 modo
930 1069 1212 1144 communicavit
1236 1075 1331 1169 ipsis.

268 1171 320 1244 Et
333 1172 497 1243 recitavit.
529 1165 749 1239 Fortunatus
765 1159 964 1259 Episcopus
979 1163 1145 1243 Eccleliae
1159 1172 1334 1249 Conslan·

267 1268 426 1343 tinienlis
443 1265 647 1362 Carthagini
674 1259 889 1336 constitutus
913 1262 1085 1356 prnsente
1109 1272 1192 1342 viro
1217 1271 1335 1350 claris·

266 1369 356 1443 limo
372 1365 540 1441 Tribuno
562 1361 775 1438 &Notario
792 1360 1011 1436 Marcellino
1033 1366 1107 1439 hoc
1129 1371 1336 1451 mandatum

266 1466 402 1561 suscepi
418 1462 658 1558 &subscripst
690 1465 765 1555 Qua
778 1469 907 1534 ruituro
921 1465 1000 1538 idem
1014 1467 1120 1539 siais.-
1142 1464 1174 1542 E
1189 1469 1335 1564 diverso

267 1567 389 1643 habeo
405 1565 629 1640 Petilianurn.¹

283 1673 289 1714 ⁸
346 1687 426 1762 139.
455 1667 635 1745 Parilianus
657 1659 822 1760 Episcopus
844 1662 949 1734 lixit:
986 1660 1066 1755 lpse
1093 1665 1144 1741 est
1167 1666 1338 1752 Ecclesia

268 1764 483 1861 persecutor
498 1765 535 1836 in
551 1763 674 1837 eadem
690 1763 855 1852 civitate,
874 1761 934 1834 ubi
948 1781 1017 1855 ego
1033 1760 1232 1866 Episcopus
1250 1770 1337 1852 sum.

269 1865 422 1944 Aurelius
441 1865 607 1959 Episcopus
625 1861 759 1958 Ecclsfiae
777 1861 944 1932 Catholicae
958 1863 1212 1963 Carthaginenfis
1227 1875 1337 1946 dixsse
1410 1941 1413 1946 ,

270 1963 321 2044 Et
338 1965 446 2056 paulo
466 1977 550 2036 ante
562 1963 738 2054 jaculatus
755 1981 795 2034 es
812 1959 996 2053 iniuriam,
1023 1961 1147 2040 &non
1159 1969 1338 2065 recepisti.

272 2065 478 2136 strumam
495 2062 659 2158 Episcopus
678 2059 816 2155 Escsefia
833 2059 1003 2131 catholica
1020 2064 1125 2136 dixirr
1150 2065 1192 2141 ln
1212 2069 1338 2144 eadem

272 2163 427 2236 civitate
443 2161 488 2234 ab
501 2161 678 2235 haereticia
690 2159 811 2234 omnia
825 2159 947 2232 altaria
960 2161 1142 2240 confracta
1154 2163 1246 2245 sunt.
1281 2172 1340 2241 l’s-

272 2265 414 2339 rilr'anus
426 2260 593 2361 Episcopus
606 2262 712 2331 sixr'rr
735 2259 1002 2334 Persecutorum
1020 2275 1058 2335 te
1073 2262 1144 2338 esse
1161 2265 1236 2341 asta
1250 2288 1340 2342 con·

272 2363 424 2440 tineent.
463 2360 572 2435 Loco
589 2357 653 2433 suo
666 2359 809 2450 audies,
830 2377 907 2450 quae
926 2362 1084 2435 mereris.
1115 2365 1161 2436 Er
1176 2372 1339 2448 recitavit.

270 2459 552 2539 fortunatianus
577 2455 776 2554 Episcopus
801 2455 970 2530 Ecclesia
992 2457 1164 2534 Siccenfis
1192 2463 1342 2540 Cartha·

273 2561 347 2655 glni
373 2559 590 2634 constitutus
609 2555 783 2650 prasente
808 2558 892 2626 viro
918 2556 1099 2632 clarissimo
1117 2558 1343 2642 Tribuno&

274 2658 438 2732 Notario
462 2656 679 2729 Marcellino
705 2656 779 2727 hoc
804 2653 1007 2727 mandatum
1040 2653 1172 2755 suscepi
1203 2663 1342 2739 &sub-

276 2755 407 2847 scripss.
441 2759 660 2848 Quarecirara
674 2753 753 2824 ilem
767 2753 870 2824 dixit:
889 2749 1074 2828 Unitatem
1087 2756 1344 2851 Ecclefiaesic·

279 2855 391 2929 censis
411 2854 529 2944 noui,
561 2850 780 2945 Episcopum
800 2849 942 2943 quiden
960 2866 1098 2929 tantum
1118 2863 1266 2935 nomine
1282 2881 1344 2935 au·

277 2955 367 3034 divi.
419 2951 469 3028 Er
490 2956 651 3028 recitavit.
688 2949 859 3025 Poffidius
876 2946 1074 3044 Episcopus
1091 2955 1258 3035 Ecclena
1278 2961 1346 3036 Ca·

279 3054 427 3127 tholicae
443 3050 665 3127 ‘Calamcnsrs
693 3047 899 3145 Carthagini
928 3050 1143 3129 constitutus
1172 3057 1366 3154 prasente*

278 3155 363 3225 viro
387 3150 574 3227 clariffirno
597 3148 766 3223 Tribuno
788 3148 823 3221 δι
845 3148 1004 3222 Notarlo
1026 3152 1244 3232 Marcellino
1269 3159 1346 3234 hoc

279 3252 484 3331 mandatum
500 3250 642 3344 suscepi
669 3248 703 3322 ἃ
727 3246 918 3342 subscripsr.
973 3253 1152 3326 perilianus
1182 3257 1347 3354 Episcopus

280 3352 388 3426 dixis:
414 3348 592 3442 Crispinus
610 3349 777 3442 proximo
793 3363 960 3441 tempore
979 3351 1093 3424 exivit
1112 3356 1157 3427 de
1173 3376 1345 3449 corpora

283 3451 332 3523 Er
350 3453 514 3523 recitavit.
553 3447 786 3522 Florentinus
807 3445 1004 3538 Episcopus
1022 3449 1191 3528 Ecclesrae
1212 3453 1348 3529 Catho-

280 3551 359 3624 licae
374 3547 671 3641 Hypponensrum
685 3546 890 3620 Zaritotum
908 3543 1112 3643 Carthagini
1130 3553 1348 3630 constitutus

282 3669 406 3723 coram
420 3647 504 3722 viro
518 3645 698 3719 clariffimo
714 3642 883 3716 Tribuno
900 3643 934 3714 δι
953 3642 1112 3722 Notario
1127 3652 1348 3728 Marcellino
1396 3689 1399 3700 ·

283 3745 517 3840 suprascripta
537 3745 704 3818 mandavi
729 3740 972 3835 &subscrips
1022 3749 1097 3839 Quo
1118 3758 1249 3822 raclrara
1267 3752 1363 3840 allus⁸

284 3848 388 3920 uixit:
412 3846 445 3920 E
460 3843 604 3918 diverso
617 3841 669 3916 est
681 3839 824 3915 Victor.
867 3833 1047 3920 flosculus
1062 3850 1227 3930 Diuersus
1242 3852 1349 3932 suits

285 3943 415 4025 Custos
431 3946 535 4023 datus
554 3942 606 4022 est
622 3941 801 4019 codicum.

770 4138 893 4240 Dus
984 4245 987 4252 .
1157 4141 1335 4238 suffla·
1384 4223 1390 4236 ἱ
