3200 4784
1265 461 1312 534 L!

240 609 375 720 dotto,
413 608 633 730 quodibi
670 605 837 724 suisque
865 611 1082 697 morituris
1113 610 1310 728 Princeps

236 731 327 819 fieri
354 729 512 824 voluit..
561 727 634 813 Est
653 725 756 814 illud
784 723 923 809 media'
944 727 1049 809 inter
1073 725 1311 818 Deffavium

236 845 282 933 dc
310 841 570 931 Woerlicium
609 846 706 949 via,
749 844 794 926 in
830 862 950 955 prato
987 840 1107 926 latius
1142 867 1310 956 patente

238 957 459 1047 strustum.

310 1073 423 1188 Ego
442 1065 612 1186 quidem
630 1089 807 1183 peregre
823 1061 1034 1179 profestos
1052 1063 1216 1158 nullum
1230 1097 1309 1160 coe·

236 1190 587 1298 meterium,quin
602 1181 704 1270 illud
718 1180 976 1296 perlustrem,
987 1208 1206 1296 praetereo·
1227 1209 1310 1274 tam

240 1301 358 1418 quod
380 1298 588 1412 ejusmodi
612 1297 700 1381 loca
717 1295 823 1380 sacra
842 1299 965 1410 genio
983 1321 1078 1381 meo
1094 1249 1311 1402 arrideant,

242 1440 372 1530 quam
390 1411 507 1529 qood
524 1409 733 1503 raroinde,
751 1413 854 1522 quin
873 1408 1026 1523 aliquid
1038 1409 1313 1526 fingularead·

240 1551 425 1632 vertere,
450 1527 501 1615 de
516 1527 715 1638 regionis,
735 1524 977 1722 civiumque
991 1521 1149 1628 indole,
1175 1526 1313 1641 deque

241 1643 500 1758 philosophia
516 1661 692 1740 eorum,
730 1640 804 1750 qui
825 1644 882 1722 rei
916 1663 1038 1742 acrae,
1070 1639 1112 1724 δι
1138 1643 1313 1754 politicae

240 1755 448 1888 praesunt,
487 1751 643 1868 aliquid
667 1753 892 1862 conjicere,
920 1751 1100 1866 ¹quodve
1128 1761 1313 1872 attingat,

239 1895 451 1984 juvetque
467 1869 789 1970 humanitatem,
817 1863 968 1953 discere
984 1867 1224 1982 contigerit,
1255 1871 1312 1958 di·

240 1985 420 2074 scedam.

328 2095 431 2183 Non
446 2090 677 2208 poenitebit,
697 2093 849 2184 Amice
865 2093 1036 2206 optime,
1053 2092 1123 2184 hic
1139 2063 1313 2188 lnecum

241 2209 445 2411 paulisper
461 2213 634 2322 morari.
702 2207 842 2296 Multa
873 2215 985 2294 enim
1015 2213 1206 2322 praeclara
1232 2215 1315 2304 hoc

241 2353 331 2416 uno
377 2349 435 2411 uo
464 2337 594 2435 opere
621 2322 816 2436 Princeps
850 2323 1100 2412 Anhaltinus
1132 2328 1314 2417 docebit.

242 2437 386 2530 Multa
400 2438 664 2532 mirabimur,
688 2437 986 2550 probabimus,
1010 2433 1285 2527 laudabimus.

328 2551 458 2658 Quod
486 2553 756 2667 magnificum
787 2577 894 2665 opus
925 2557 966 2638 in
995 2553 1135 2637 medio
1167 2581 1317 2667 campo

216 2731 219 2736 -
244 2659 420 2782 spatioso
444 2665 488 2752 dt
510 2665 604 2752 lacto
627 2667 894 2766 exstruxerit,
928 2691 1004 2750 nec
1020 2659 1166 2751 faciem
1185 2665 1315 2779 sepul·

244 2783 349 2870 chro
377 2779 532 2867 dederit
556 2779 709 2864 tristem
735 2779 778 2863 dr
806 2785 1013 2873 tetricam,
1043 2775 1139 2865 licet
1157 2779 1314 2888 seriam,

243 2897 288 2984 δι
305 2891 376 2982 sua
395 2889 599 2978 sanctitate
623 2889 820 3005 dignam3
857 2888 955 2978 fecit
974 2891 1191 3006 sapienter,
1219 2894 1316 2985 fecit

242 3005 535 3126 philosophiae,
573 3031 699 3120 quarn
721 3005 840 3109 colit,
882 3007 925 3093 8<
947 3007 1154 3123 religioni,
1185 3037 1315 3126 quam

242 3123 486 3240 profitetur,
518 3125 687 3206 omnino
706 3123 1015 3209 convenienter.

330 3237 387 3324 Et
410 3235 567 3350 pudet,
599 3235 643 3322 dc
668 3235 829 3321 miseret
856 3236 1204 3341 Christianorum,
1243 3239 1318 3353 qui

238 3373 329 3440 tam
354 3355 538 3437 tetricam
556 3349 628 3434 fibi
649 3353 795 3436 mortis
813 3353 1035 3463 imaginem
1051 3353 1236 3466 fingunt,
1266 3377 1318 3438 ut

243 3493 331 3580 prae
352 3464 577 3581 gentilibus
593 3461 736 3596 adeo,
758 3465 915 3578 quibus
940 3467 1057 3576 pusio
1083 3467 1224 3553 lumen
1249 3489 1316 3550 ex·

198 3637 202 3660 ,
244 3585 465 3698 tinguens,
498 3578 541 3662 dc
566 3579 773 3662 cinerarrae
802 3603 917 3662 urnae
941 3577 1099 3692 placide
1121 3577 1318 3667 indormi-

245 3689 382 3797 scens,
409 3693 555 3777 mortis
573 3689 836 3777 simulacrum
862 3715 967 3793 erat,
998 3693 1191 3808 finistrius
1207 3693 1246 3780 se
1263 3694 1316 3782 de

245 3823 291 3896 aa
312 3811 495 3924 cogitare
514 3801 720 3890 &sentire
738 3801 1005 3918 suspicionem
1023 3831 1231 3898 moveant.

243 3981 247 3988 -
332 3923 579 4011 Coemeteria
601 3914 725 4004 velim
745 3917 811 4004 tali
828 3920 956 4004 modo
974 3927 1132 4020 ornari,
1157 3948 1205 4009 ut
1223 3923 1322 4008 viri·

244 4031 357 4127 daria
378 4035 688 4152 reprasentcnt,
717 4057 904 4246 qgorum
924 4059 998 4156 pet
1015 4037 1184 4132 areolas
1197 4032 1334 4238 lggula

798 4179 846 4247 ‘a
1193 4177 1223 4241 c
1275 4175 1310 4234 a
