<?xml version="1.0" encoding="UTF-8"?>
<!DOCTYPE html PUBLIC "-//W3C//DTD XHTML 1.0 Transitional//EN"
    "http://www.w3.org/TR/xhtml1/DTD/xhtml1-transitional.dtd">
<html xmlns="http://www.w3.org/1999/xhtml" xml:lang="en" lang="en">
 <head>
  <title>
</title>
<meta http-equiv="Content-Type" content="text/html;charset=utf-8" />
  <meta name='ocr-system' content='tesseract 3.04.00' />
  <meta name='ocr-capabilities' content='ocr_page ocr_carea ocr_par ocr_line ocrx_word'/>
</head>
<body>
  <div class='ocr_page' id='page_1' title='image "./operaomniasanct06librgoog_0587.png"; bbox 0 0 3200 4784; ppageno 0'>
   <div class='ocr_carea' id='block_1_1' title="bbox 379 417 1310 526">
    <p class='ocr_par' dir='ltr' id='par_1_1' title="bbox 379 417 1310 526">
     <span class='ocr_line' id='line_1_1' title="bbox 379 417 1310 526; baseline 0.004 -32"><span class='ocrx_word' id='word_1_1' title='bbox 379 440 439 494; x_wconf 81' lang='lat' dir='ltr'><strong>na</strong></span> <span class='ocrx_word' id='word_1_2' title='bbox 465 417 875 494; x_wconf 77' lang='lat' dir='ltr'><strong>Douaursrnrtom</strong></span> <span class='ocrx_word' id='word_1_3' title='bbox 899 419 1163 502; x_wconf 69' lang='lat' dir='ltr'><strong>uarro-na.</strong></span> <span class='ocrx_word' id='word_1_4' title='bbox 1236 444 1310 526; x_wconf 78' lang='lat'><strong>555</strong></span> 
     </span>
    </p>
   </div>
   <div class='ocr_carea' id='block_1_2' title="bbox 200 579 1392 4066">
    <p class='ocr_par' dir='ltr' id='par_1_2' title="bbox 200 579 1392 4066">
     <span class='ocr_line' id='line_1_2' title="bbox 239 579 1313 674; baseline 0.001 -15"><span class='ocrx_word' id='word_1_5' title='bbox 239 581 373 659; x_wconf 79' lang='lat' dir='ltr'><strong>dicium</strong></span> <span class='ocrx_word' id='word_1_6' title='bbox 392 580 463 673; x_wconf 89' lang='lat' dir='ltr'><strong>est,</strong></span> <span class='ocrx_word' id='word_1_7' title='bbox 490 581 588 674; x_wconf 89' lang='lat' dir='ltr'><strong>quod</strong></span> <span class='ocrx_word' id='word_1_8' title='bbox 602 583 665 673; x_wconf 84' lang='lat' dir='ltr'><strong>uni</strong></span> <span class='ocrx_word' id='word_1_9' title='bbox 679 582 771 673; x_wconf 89' lang='lat' dir='ltr'><strong>parti</strong></span> <span class='ocrx_word' id='word_1_10' title='bbox 784 579 1020 672; x_wconf 80' lang='lat' dir='ltr'><strong>concesserit,</strong></span> <span class='ocrx_word' id='word_1_11' title='bbox 1039 585 1142 658; x_wconf 84' lang='lat' dir='ltr'><strong>alteri</strong></span> <span class='ocrx_word' id='word_1_12' title='bbox 1158 604 1234 660; x_wconf 91' lang='lat' dir='ltr'><strong>non</strong></span> <span class='ocrx_word' id='word_1_13' title='bbox 1249 608 1313 660; x_wconf 82' lang='lat' dir='ltr'><strong>ne·</strong></span> 
     </span>
     <span class='ocr_line' id='line_1_3' title="bbox 239 679 1310 783; baseline 0.009 -27"><span class='ocrx_word' id='word_1_14' title='bbox 239 705 346 783; x_wconf 83' lang='lat' dir='ltr'>gare,</span> <span class='ocrx_word' id='word_1_15' title='bbox 373 703 420 756; x_wconf 93' lang='lat' dir='ltr'><strong>ne</strong></span> <span class='ocrx_word' id='word_1_16' title='bbox 436 683 498 754; x_wconf 92' lang='lat' dir='ltr'><strong>uni</strong></span> <span class='ocrx_word' id='word_1_17' title='bbox 513 682 603 773; x_wconf 86' lang='lat' dir='ltr'><strong>parti</strong></span> <span class='ocrx_word' id='word_1_18' title='bbox 618 679 764 771; x_wconf 85' lang='lat' dir='ltr'><strong>favere,</strong></span> <span class='ocrx_word' id='word_1_19' title='bbox 792 682 938 754; x_wconf 89' lang='lat' dir='ltr'><strong>alteram</strong></span> <span class='ocrx_word' id='word_1_20' title='bbox 954 702 1116 774; x_wconf 80' lang='lat' dir='ltr'><strong>premere</strong></span> <span class='ocrx_word' id='word_1_21' title='bbox 1130 686 1310 765; x_wconf 90' lang='lat' dir='ltr'><strong>videatur.</strong></span> 
     </span>
     <span class='ocr_line' id='line_1_4' title="bbox 242 779 1311 882; baseline 0.005 -28"><span class='ocrx_word' id='word_1_22' title='bbox 242 782 358 882; x_wconf 91' lang='lat' dir='ltr'><strong>Quod</strong></span> <span class='ocrx_word' id='word_1_23' title='bbox 378 795 416 859; x_wconf 90' lang='lat' dir='ltr'><strong>te</strong></span> <span class='ocrx_word' id='word_1_24' title='bbox 438 800 506 872; x_wconf 88' lang='lat' dir='ltr'><strong>pro</strong></span> <span class='ocrx_word' id='word_1_25' title='bbox 528 796 588 856; x_wconf 81' lang='lat' dir='ltr'><strong>tua</strong></span> <span class='ocrx_word' id='word_1_26' title='bbox 611 779 812 871; x_wconf 74' lang='lat' dir='ltr'><strong>prestantia</strong></span> <span class='ocrx_word' id='word_1_27' title='bbox 834 782 873 852; x_wconf 87' lang='lat' dir='ltr'><strong>dt.</strong></span> <span class='ocrx_word' id='word_1_28' title='bbox 889 783 998 876; x_wconf 86' lang='lat' dir='ltr'><strong>longe</strong></span> <span class='ocrx_word' id='word_1_29' title='bbox 1021 781 1246 879; x_wconf 85' lang='lat' dir='ltr'><strong>prospicere,</strong></span> <span class='ocrx_word' id='word_1_30' title='bbox 1274 783 1311 859; x_wconf 78' lang='lat' dir='ltr'><strong>dr</strong></span> 
     </span>
     <span class='ocr_line' id='line_1_5' title="bbox 239 880 1311 978; baseline 0.002 -23"><span class='ocrx_word' id='word_1_31' title='bbox 239 884 387 978; x_wconf 87' lang='lat' dir='ltr'><strong>longius</strong></span> <span class='ocrx_word' id='word_1_32' title='bbox 408 880 587 954; x_wconf 86' lang='lat' dir='ltr'><strong>condecet</strong></span> <span class='ocrx_word' id='word_1_33' title='bbox 608 899 834 970; x_wconf 70' lang='lat' dir='ltr'><strong>precavere,</strong></span> <span class='ocrx_word' id='word_1_34' title='bbox 869 883 1021 965; x_wconf 85' lang='lat' dir='ltr'><strong>maxime</strong></span> <span class='ocrx_word' id='word_1_35' title='bbox 1043 902 1123 960; x_wconf 86' lang='lat' dir='ltr'><strong>cunr</strong></span> <span class='ocrx_word' id='word_1_36' title='bbox 1149 887 1311 976; x_wconf 82' lang='lat' dir='ltr'><strong>popuioe</strong></span> 
     </span>
     <span class='ocr_line' id='line_1_6' title="bbox 242 979 1313 1071; baseline 0.006 -19"><span class='ocrx_word' id='word_1_37' title='bbox 242 982 365 1060; x_wconf 71' lang='lat' dir='ltr'><strong>edistis</strong></span> <span class='ocrx_word' id='word_1_38' title='bbox 375 981 511 1053; x_wconf 87' lang='lat' dir='ltr'><strong>invites</strong></span> <span class='ocrx_word' id='word_1_39' title='bbox 523 981 567 1050; x_wconf 92' lang='lat' dir='ltr'><strong>de</strong></span> <span class='ocrx_word' id='word_1_40' title='bbox 577 979 766 1057; x_wconf 85' lang='lat' dir='ltr'><strong>audientiae</strong></span> <span class='ocrx_word' id='word_1_41' title='bbox 777 995 847 1050; x_wconf 83' lang='lat' dir='ltr'><strong>tuae</strong></span> <span class='ocrx_word' id='word_1_42' title='bbox 856 980 1040 1052; x_wconf 86' lang='lat' dir='ltr'><strong>libramine</strong></span> <span class='ocrx_word' id='word_1_43' title='bbox 1046 983 1216 1071; x_wconf 85' lang='lat' dir='ltr'><strong>judicare.</strong></span> <span class='ocrx_word' id='word_1_44' title='bbox 1234 985 1313 1058; x_wconf 89' lang='lat' dir='ltr'><strong>Ad·</strong></span> 
     </span>
     <span class='ocr_line' id='line_1_7' title="bbox 241 1075 1392 1174; baseline 0.003 -20"><span class='ocrx_word' id='word_1_45' title='bbox 241 1079 386 1161; x_wconf 84' lang='lat' dir='ltr'><strong>versarii</strong></span> <span class='ocrx_word' id='word_1_46' title='bbox 401 1081 508 1174; x_wconf 82' lang='lat' dir='ltr'><strong>igitur</strong></span> <span class='ocrx_word' id='word_1_47' title='bbox 520 1077 734 1158; x_wconf 85' lang='lat' dir='ltr'><strong>Traditores</strong></span> <span class='ocrx_word' id='word_1_48' title='bbox 751 1075 1077 1170; x_wconf 87' lang='lat' dir='ltr'><strong>persecutoresque</strong></span> <span class='ocrx_word' id='word_1_49' title='bbox 1093 1080 1205 1155; x_wconf 88' lang='lat' dir='ltr'><strong>nostri</strong></span> <span class='ocrx_word' id='word_1_50' title='bbox 1227 1106 1311 1162; x_wconf 88' lang='lat' dir='ltr'><strong>curn</strong></span> <span class='ocrx_word' id='word_1_51' title='bbox 1389 1155 1392 1161; x_wconf 79' lang='grc'>,</span> 
     </span>
     <span class='ocr_line' id='line_1_8' title="bbox 243 1176 1312 1275; baseline 0.003 -20"><span class='ocrx_word' id='word_1_52' title='bbox 243 1183 492 1257; x_wconf 86' lang='lat' dir='ltr'><strong>elucubratum</strong></span> <span class='ocrx_word' id='word_1_53' title='bbox 515 1182 689 1257; x_wconf 84' lang='lat' dir='ltr'><strong>volumen</strong></span> <span class='ocrx_word' id='word_1_54' title='bbox 703 1176 752 1257; x_wconf 91' lang='lat' dir='ltr'><strong>sui</strong></span> <span class='ocrx_word' id='word_1_55' title='bbox 768 1178 922 1255; x_wconf 77' lang='lat' dir='ltr'><strong>mundati</strong></span> <span class='ocrx_word' id='word_1_56' title='bbox 942 1178 1074 1270; x_wconf 91' lang='lat' dir='ltr'><strong>diuque</strong></span> <span class='ocrx_word' id='word_1_57' title='bbox 1089 1194 1312 1275; x_wconf 83' lang='lat' dir='ltr'><strong>conceptum</strong></span> 
     </span>
     <span class='ocr_line' id='line_1_9' title="bbox 201 1276 1311 1375; baseline 0.009 -27"><span class='ocrx_word' id='word_1_58' title='bbox 201 1298 205 1348; x_wconf 78' lang='grc' dir='ltr'>ε</span> <span class='ocrx_word' id='word_1_59' title='bbox 244 1278 492 1375; x_wconf 76' lang='lat' dir='ltr'><strong>&amp;expostum</strong></span> <span class='ocrx_word' id='word_1_60' title='bbox 507 1276 590 1356; x_wconf 74' lang='lat' dir='ltr'><strong>asiis</strong></span> <span class='ocrx_word' id='word_1_61' title='bbox 605 1280 823 1372; x_wconf 85' lang='lat' dir='ltr'><strong>ingererent,</strong></span> <span class='ocrx_word' id='word_1_62' title='bbox 838 1278 912 1351; x_wconf 87' lang='lat' dir='ltr'><strong>fine</strong></span> <span class='ocrx_word' id='word_1_63' title='bbox 922 1280 1129 1371; x_wconf 78' lang='lat' dir='ltr'><strong>praejudicio</strong></span> <span class='ocrx_word' id='word_1_64' title='bbox 1145 1284 1311 1374; x_wconf 83' lang='lat' dir='ltr'><strong>equidem</strong></span> 
     </span>
     <span class='ocr_line' id='line_1_10' title="bbox 200 1376 1314 1475; baseline 0.007 -26"><span class='ocrx_word' id='word_1_65' title='bbox 200 1400 206 1449; x_wconf 77' lang='lat' dir='ltr'><strong><em>z</em></strong></span> <span class='ocrx_word' id='word_1_66' title='bbox 244 1379 372 1464; x_wconf 85' lang='lat' dir='ltr'><strong>nostro</strong></span> <span class='ocrx_word' id='word_1_67' title='bbox 384 1378 538 1473; x_wconf 71' lang='lat' dir='ltr'><strong>libenter</strong></span> <span class='ocrx_word' id='word_1_68' title='bbox 556 1377 690 1455; x_wconf 78' lang='lat' dir='ltr'><strong>audisti,</strong></span> <span class='ocrx_word' id='word_1_69' title='bbox 727 1376 841 1475; x_wconf 86' lang='lat' dir='ltr'><strong>Quod</strong></span> <span class='ocrx_word' id='word_1_70' title='bbox 854 1390 896 1449; x_wconf 89' lang='lat' dir='ltr'><strong>ut</strong></span> <span class='ocrx_word' id='word_1_71' title='bbox 909 1378 992 1450; x_wconf 90' lang='lat' dir='ltr'><strong>huic</strong></span> <span class='ocrx_word' id='word_1_72' title='bbox 1007 1378 1165 1470; x_wconf 81' lang='lat' dir='ltr'><strong>epistolae</strong></span> <span class='ocrx_word' id='word_1_73' title='bbox 1181 1382 1314 1457; x_wconf 84' lang='lat' dir='ltr'><strong>nostrae</strong></span> 
     </span>
     <span class='ocr_line' id='line_1_11' title="bbox 247 1475 1313 1576; baseline 0.003 -23"><span class='ocrx_word' id='word_1_74' title='bbox 247 1478 631 1569; x_wconf 83' lang='lat' dir='ltr'><strong>concedas‚irnpendio</strong></span> <span class='ocrx_word' id='word_1_75' title='bbox 648 1475 886 1568; x_wconf 88' lang='lat' dir='ltr'><strong>postulamus;</strong></span> <span class='ocrx_word' id='word_1_76' title='bbox 901 1497 978 1550; x_wconf 90' lang='lat' dir='ltr'><strong>non</strong></span> <span class='ocrx_word' id='word_1_77' title='bbox 990 1496 1062 1567; x_wconf 84' lang='lat' dir='ltr'><strong>quo</strong></span> <span class='ocrx_word' id='word_1_78' title='bbox 1079 1481 1222 1558; x_wconf 85' lang='lat' dir='ltr'><strong>iliorum</strong></span> <span class='ocrx_word' id='word_1_79' title='bbox 1234 1504 1313 1576; x_wconf 88' lang='lat' dir='ltr'><strong>pra·</strong></span> 
     </span>
     <span class='ocr_line' id='line_1_12' title="bbox 204 1575 1314 1672; baseline 0.013 -29"><span class='ocrx_word' id='word_1_80' title='bbox 204 1629 207 1643; x_wconf 90' lang='lat'>.</span> <span class='ocrx_word' id='word_1_81' title='bbox 245 1601 294 1655; x_wconf 81' lang='lat' dir='ltr'><strong>va</strong></span> <span class='ocrx_word' id='word_1_82' title='bbox 315 1576 554 1672; x_wconf 87' lang='lat' dir='ltr'><strong>perversaque</strong></span> <span class='ocrx_word' id='word_1_83' title='bbox 574 1575 735 1650; x_wconf 60' lang='lat' dir='ltr'><strong>dontius</strong></span> <span class='ocrx_word' id='word_1_84' title='bbox 750 1598 820 1649; x_wconf 87' lang='lat' dir='ltr'><strong>nos</strong></span> <span class='ocrx_word' id='word_1_85' title='bbox 834 1590 986 1667; x_wconf 84' lang='lat' dir='ltr'><strong>terreat,</strong></span> <span class='ocrx_word' id='word_1_86' title='bbox 1012 1575 1134 1652; x_wconf 90' lang='lat' dir='ltr'><strong>sedne</strong></span> <span class='ocrx_word' id='word_1_87' title='bbox 1150 1583 1253 1655; x_wconf 87' lang='lat' dir='ltr'><strong>labor</strong></span> <span class='ocrx_word' id='word_1_88' title='bbox 1270 1582 1314 1657; x_wconf 85' lang='lat' dir='ltr'><strong>srt</strong></span> 
     </span>
     <span class='ocr_line' id='line_1_13' title="bbox 200 1674 1314 1777; baseline 0.006 -26"><span class='ocrx_word' id='word_1_89' title='bbox 200 1701 207 1751; x_wconf 83' lang='lat' dir='ltr'><strong>r</strong></span> <span class='ocrx_word' id='word_1_90' title='bbox 246 1675 496 1757; x_wconf 83' lang='lat' dir='ltr'><strong>defensoribus</strong></span> <span class='ocrx_word' id='word_1_91' title='bbox 510 1674 662 1768; x_wconf 84' lang='lat' dir='ltr'><strong>nostris,</strong></span> <span class='ocrx_word' id='word_1_92' title='bbox 689 1692 819 1755; x_wconf 79' lang='lat' dir='ltr'><strong>contra</strong></span> <span class='ocrx_word' id='word_1_93' title='bbox 833 1678 960 1753; x_wconf 87' lang='lat' dir='ltr'><strong>librum</strong></span> <span class='ocrx_word' id='word_1_94' title='bbox 976 1678 1119 1752; x_wconf 89' lang='lat' dir='ltr'><strong>illorum</strong></span> <span class='ocrx_word' id='word_1_95' title='bbox 1133 1683 1314 1777; x_wconf 82' lang='lat' dir='ltr'><strong>prolixum</strong></span> 
     </span>
     <span class='ocr_line' id='line_1_14' title="bbox 200 1775 1316 1871; baseline 0.007 -21"><span class='ocrx_word' id='word_1_96' title='bbox 200 1805 208 1850; x_wconf 78' lang='grc' dir='ltr'>ι</span> <span class='ocrx_word' id='word_1_97' title='bbox 248 1779 283 1858; x_wconf 80' lang='lat' dir='ltr'><strong>dr</strong></span> <span class='ocrx_word' id='word_1_98' title='bbox 308 1791 437 1849; x_wconf 88' lang='lat' dir='ltr'><strong>contra</strong></span> <span class='ocrx_word' id='word_1_99' title='bbox 456 1775 731 1868; x_wconf 84' lang='lat' dir='ltr'><strong>prosecutiones</strong></span> <span class='ocrx_word' id='word_1_100' title='bbox 753 1797 879 1852; x_wconf 86' lang='lat' dir='ltr'><strong>eorum</strong></span> <span class='ocrx_word' id='word_1_101' title='bbox 900 1775 1118 1871; x_wconf 84' lang='lat' dir='ltr'><strong>confligere,</strong></span> <span class='ocrx_word' id='word_1_102' title='bbox 1146 1800 1225 1852; x_wconf 90' lang='lat' dir='ltr'><strong>cunr</strong></span> <span class='ocrx_word' id='word_1_103' title='bbox 1244 1802 1316 1860; x_wconf 84' lang='lat' dir='ltr'><strong>nec</strong></span> 
     </span>
     <span class='ocr_line' id='line_1_15' title="bbox 200 1874 1315 1971; baseline 0.004 -22"><span class='ocrx_word' id='word_1_104' title='bbox 200 1900 206 1955; x_wconf 82' lang='lat' dir='ltr'><strong>r</strong></span> <span class='ocrx_word' id='word_1_105' title='bbox 248 1878 324 1955; x_wconf 88' lang='lat' dir='ltr'><strong>dies</strong></span> <span class='ocrx_word' id='word_1_106' title='bbox 346 1890 447 1953; x_wconf 83' lang='lat' dir='ltr'><strong>totus</strong></span> <span class='ocrx_word' id='word_1_107' title='bbox 466 1874 575 1958; x_wconf 80' lang='lat' dir='ltr'><strong>causae</strong></span> <span class='ocrx_word' id='word_1_108' title='bbox 597 1874 765 1971; x_wconf 85' lang='lat' dir='ltr'><strong>sufficiat,</strong></span> <span class='ocrx_word' id='word_1_109' title='bbox 791 1880 862 1953; x_wconf 87' lang='lat' dir='ltr'><strong>nec</strong></span> <span class='ocrx_word' id='word_1_110' title='bbox 886 1894 961 1947; x_wconf 86' lang='lat' dir='ltr'><strong>uox</strong></span> <span class='ocrx_word' id='word_1_111' title='bbox 981 1889 1042 1949; x_wconf 90' lang='lat' dir='ltr'><strong>aut</strong></span> <span class='ocrx_word' id='word_1_112' title='bbox 1062 1877 1174 1950; x_wconf 87' lang='lat' dir='ltr'><strong>latera</strong></span> <span class='ocrx_word' id='word_1_113' title='bbox 1191 1880 1315 1955; x_wconf 86' lang='lat' dir='ltr'><strong>defen·</strong></span> 
     </span>
     <span class='ocr_line' id='line_1_16' title="bbox 201 1973 1316 2067; baseline 0.005 -18"><span class='ocrx_word' id='word_1_114' title='bbox 201 2006 204 2054; x_wconf 74' lang='lat' dir='ltr'><strong>r</strong></span> <span class='ocrx_word' id='word_1_115' title='bbox 246 1977 336 2060; x_wconf 72' lang='lat' dir='ltr'><strong>sioni</strong></span> <span class='ocrx_word' id='word_1_116' title='bbox 347 1981 369 2056; x_wconf 83' lang='lat'><strong>‚&#39;</strong></span> <span class='ocrx_word' id='word_1_117' title='bbox 385 1989 427 2048; x_wconf 93' lang='lat' dir='ltr'><strong>ut</strong></span> <span class='ocrx_word' id='word_1_118' title='bbox 439 1976 626 2053; x_wconf 86' lang='lat' dir='ltr'><strong>liber—cum</strong></span> <span class='ocrx_word' id='word_1_119' title='bbox 640 1976 756 2067; x_wconf 87' lang='lat' dir='ltr'><strong>libro,</strong></span> <span class='ocrx_word' id='word_1_120' title='bbox 783 1973 1088 2053; x_wconf 73' lang='lat' dir='ltr'><strong>&amp;defensorum</strong></span> <span class='ocrx_word' id='word_1_121' title='bbox 1105 1976 1316 2056; x_wconf 82' lang='lat' dir='ltr'><strong>defenfione</strong></span> 
     </span>
     <span class='ocr_line' id='line_1_17' title="bbox 200 2073 1318 2190; baseline -0.001 -39"><span class='ocrx_word' id='word_1_122' title='bbox 200 2111 207 2151; x_wconf 84' lang='grc' dir='ltr'><strong>ι.</strong></span> <span class='ocrx_word' id='word_1_123' title='bbox 249 2087 453 2154; x_wconf 86' lang='lat' dir='ltr'><strong>concertet.</strong></span> <span class='ocrx_word' id='word_1_124' title='bbox 491 2076 613 2190; x_wconf 78' lang='lat' dir='ltr'><strong>Quare</strong></span> <span class='ocrx_word' id='word_1_125' title='bbox 626 2074 734 2170; x_wconf 86' lang='lat' dir='ltr'><strong>igitur</strong></span> <span class='ocrx_word' id='word_1_126' title='bbox 747 2076 840 2148; x_wconf 88' lang='lat' dir='ltr'><strong>hanc</strong></span> <span class='ocrx_word' id='word_1_127' title='bbox 855 2073 1038 2166; x_wconf 88' lang='lat' dir='ltr'><strong>epistolam</strong></span> <span class='ocrx_word' id='word_1_128' title='bbox 1057 2075 1234 2172; x_wconf 74' lang='lat' dir='ltr'><strong>nostram,</strong></span> <span class='ocrx_word' id='word_1_129' title='bbox 1254 2102 1318 2173; x_wconf 90' lang='lat' dir='ltr'><strong>pe-</strong></span> 
     </span>
     <span class='ocr_line' id='line_1_18' title="bbox 203 2175 1317 2274; baseline 0.006 -28"><span class='ocrx_word' id='word_1_130' title='bbox 203 2201 207 2253; x_wconf 74' lang='lat' dir='ltr'><strong>r</strong></span> <span class='ocrx_word' id='word_1_131' title='bbox 248 2179 377 2259; x_wconf 82' lang='lat' dir='ltr'><strong>timus,</strong></span> <span class='ocrx_word' id='word_1_132' title='bbox 410 2178 523 2267; x_wconf 77' lang='lat' dir='ltr'><strong>accipi</strong></span> <span class='ocrx_word' id='word_1_133' title='bbox 546 2189 652 2267; x_wconf 85' lang='lat' dir='ltr'><strong>atque</strong></span> <span class='ocrx_word' id='word_1_134' title='bbox 670 2175 772 2274; x_wconf 81' lang='lat' dir='ltr'><strong>inseri</strong></span> <span class='ocrx_word' id='word_1_135' title='bbox 793 2176 1057 2266; x_wconf 83' lang='lat' dir='ltr'><strong>J&#39;ubeas‚.tunc</strong></span> <span class='ocrx_word' id='word_1_136' title='bbox 1078 2178 1207 2251; x_wconf 89' lang='lat' dir='ltr'><strong>deinde</strong></span> <span class='ocrx_word' id='word_1_137' title='bbox 1233 2200 1317 2252; x_wconf 84' lang='lat' dir='ltr'><strong>cau·</strong></span> 
     </span>
     <span class='ocr_line' id='line_1_19' title="bbox 200 2262 1367 2377; baseline 0.005 -31"><span class='ocrx_word' id='word_1_138' title='bbox 200 2262 207 2363; x_wconf 66' lang='lat' dir='ltr'><strong>r</strong></span> <span class='ocrx_word' id='word_1_139' title='bbox 249 2275 319 2358; x_wconf 87' lang='lat' dir='ltr'><strong>sam</strong></span> <span class='ocrx_word' id='word_1_140' title='bbox 338 2273 459 2352; x_wconf 83' lang='lat' dir='ltr'><strong>audire</strong></span> <span class='ocrx_word' id='word_1_141' title='bbox 480 2278 644 2377; x_wconf 79' lang='lat' dir='ltr'><strong>digneris.</strong></span> <span class='ocrx_word' id='word_1_142' title='bbox 696 2271 1008 2352; x_wconf 71' lang='lat' dir='ltr'><strong>adversarentur</strong></span> <span class='ocrx_word' id='word_1_143' title='bbox 1029 2274 1141 2353; x_wconf 90' lang='lat' dir='ltr'><strong>nostri</strong></span> <span class='ocrx_word' id='word_1_144' title='bbox 1161 2278 1316 2352; x_wconf 74' lang='lat' dir='ltr'><strong>decursis</strong></span> <span class='ocrx_word' id='word_1_145' title='bbox 1361 2312 1367 2337; x_wconf 57' lang='grc' dir='ltr'>ι</span> 
     </span>
     <span class='ocr_line' id='line_1_20' title="bbox 200 2370 1319 2474; baseline -0.001 -23"><span class='ocrx_word' id='word_1_146' title='bbox 200 2370 206 2451; x_wconf 68' lang='lat' dir='ltr'><strong>&#39;r</strong></span> <span class='ocrx_word' id='word_1_147' title='bbox 250 2374 477 2467; x_wconf 87' lang='lat' dir='ltr'><strong>testimoniis,</strong></span> <span class='ocrx_word' id='word_1_148' title='bbox 495 2377 622 2474; x_wconf 86' lang='lat' dir='ltr'><strong>quibus</strong></span> <span class='ocrx_word' id='word_1_149' title='bbox 637 2373 795 2451; x_wconf 78' lang='lat' dir='ltr'><strong>Ecclesia</strong></span> <span class='ocrx_word' id='word_1_150' title='bbox 809 2395 891 2453; x_wconf 86' lang='lat' dir='ltr'><strong>cunr</strong></span> <span class='ocrx_word' id='word_1_151' title='bbox 910 2374 1015 2445; x_wconf 86' lang='lat' dir='ltr'><strong>laude</strong></span> <span class='ocrx_word' id='word_1_152' title='bbox 1032 2371 1080 2443; x_wconf 92' lang='lat' dir='ltr'><strong>sui</strong></span> <span class='ocrx_word' id='word_1_153' title='bbox 1099 2376 1231 2465; x_wconf 89' lang='lat' dir='ltr'><strong>ubique</strong></span> <span class='ocrx_word' id='word_1_154' title='bbox 1253 2377 1319 2450; x_wconf 86' lang='lat' dir='ltr'><strong>dif-</strong></span> 
     </span>
     <span class='ocr_line' id='line_1_21' title="bbox 200 2470 1320 2570; baseline -0.002 -25"><span class='ocrx_word' id='word_1_155' title='bbox 200 2510 206 2545; x_wconf 76' lang='grc' dir='ltr'>ι</span> <span class='ocrx_word' id='word_1_156' title='bbox 248 2474 432 2567; x_wconf 81' lang='lat' dir='ltr'><strong>funditur,</strong></span> <span class='ocrx_word' id='word_1_157' title='bbox 458 2475 494 2553; x_wconf 94' lang='lat' dir='ltr'><strong>id</strong></span> <span class='ocrx_word' id='word_1_158' title='bbox 510 2477 605 2568; x_wconf 89' lang='lat' dir='ltr'><strong>prius</strong></span> <span class='ocrx_word' id='word_1_159' title='bbox 622 2476 793 2554; x_wconf 81' lang='lat' dir='ltr'><strong>mandant</strong></span> <span class='ocrx_word' id='word_1_160' title='bbox 806 2472 872 2547; x_wconf 83' lang='lat' dir='ltr'><strong>suis</strong></span> <span class='ocrx_word' id='word_1_161' title='bbox 889 2470 1135 2544; x_wconf 84' lang='lat' dir='ltr'><strong>defensoribus</strong></span> <span class='ocrx_word' id='word_1_162' title='bbox 1149 2495 1320 2570; x_wconf 66' lang='lat' dir='ltr'><strong>peragen-</strong></span> 
     </span>
     <span class='ocr_line' id='line_1_22' title="bbox 201 2568 1320 2670; baseline 0.002 -24"><span class='ocrx_word' id='word_1_163' title='bbox 201 2604 206 2651; x_wconf 63' lang='grc' dir='ltr'><em>ι</em></span> <span class='ocrx_word' id='word_1_164' title='bbox 250 2576 357 2660; x_wconf 87' lang='lat' dir='ltr'><strong>dum,</strong></span> <span class='ocrx_word' id='word_1_165' title='bbox 391 2590 433 2650; x_wconf 91' lang='lat' dir='ltr'><strong>ut</strong></span> <span class='ocrx_word' id='word_1_166' title='bbox 452 2574 581 2651; x_wconf 87' lang='lat' dir='ltr'><strong>contra</strong></span> <span class='ocrx_word' id='word_1_167' title='bbox 597 2587 688 2660; x_wconf 85' lang='lat' dir='ltr'><strong>nos,</strong></span> <span class='ocrx_word' id='word_1_168' title='bbox 723 2574 782 2670; x_wconf 92' lang='lat' dir='ltr'><strong>qui</strong></span> <span class='ocrx_word' id='word_1_169' title='bbox 798 2568 964 2643; x_wconf 83' lang='lat' dir='ltr'><strong>Ecclesrae</strong></span> <span class='ocrx_word' id='word_1_170' title='bbox 985 2569 1207 2649; x_wconf 84' lang='lat' dir='ltr'><strong>defendimus</strong></span> <span class='ocrx_word' id='word_1_171' title='bbox 1224 2577 1320 2669; x_wconf 90' lang='lat' dir='ltr'><strong>puri·</strong></span> 
     </span>
     <span class='ocr_line' id='line_1_23' title="bbox 200 2665 1322 2762; baseline -0.001 -15"><span class='ocrx_word' id='word_1_172' title='bbox 200 2702 204 2749; x_wconf 76' lang='grc' dir='ltr'>ε</span> <span class='ocrx_word' id='word_1_173' title='bbox 251 2687 386 2762; x_wconf 81' lang='lat' dir='ltr'><strong>tatem,</strong></span> <span class='ocrx_word' id='word_1_174' title='bbox 412 2671 610 2749; x_wconf 83' lang='lat' dir='ltr'><strong>istomodo</strong></span> <span class='ocrx_word' id='word_1_175' title='bbox 633 2681 762 2762; x_wconf 81' lang='lat' dir='ltr'><strong>agant,</strong></span> <span class='ocrx_word' id='word_1_176' title='bbox 789 2681 831 2751; x_wconf 89' lang='lat' dir='ltr'><strong>ut</strong></span> <span class='ocrx_word' id='word_1_177' title='bbox 848 2667 995 2743; x_wconf 89' lang='lat' dir='ltr'><strong>eandem</strong></span> <span class='ocrx_word' id='word_1_178' title='bbox 1011 2665 1204 2749; x_wconf 75' lang='lat' dir='ltr'><strong>Ecclesiam</strong></span> <span class='ocrx_word' id='word_1_179' title='bbox 1222 2673 1322 2752; x_wconf 86' lang='lat' dir='ltr'><strong>habi·</strong></span> 
     </span>
     <span class='ocr_line' id='line_1_24' title="bbox 200 2765 1321 2863; baseline 0.005 -22"><span class='ocrx_word' id='word_1_180' title='bbox 200 2806 202 2841; x_wconf 67' lang='lat'>1</span> <span class='ocrx_word' id='word_1_181' title='bbox 251 2784 368 2850; x_wconf 88' lang='lat' dir='ltr'><strong>tutam</strong></span> <span class='ocrx_word' id='word_1_182' title='bbox 388 2772 424 2840; x_wconf 91' lang='lat' dir='ltr'><strong>in</strong></span> <span class='ocrx_word' id='word_1_183' title='bbox 443 2767 477 2845; x_wconf 92' lang='lat' dir='ltr'><strong>se</strong></span> <span class='ocrx_word' id='word_1_184' title='bbox 493 2765 696 2861; x_wconf 76' lang='lat' dir='ltr'><strong>permixtos</strong></span> <span class='ocrx_word' id='word_1_185' title='bbox 714 2768 813 2842; x_wconf 88' lang='lat' dir='ltr'><strong>srmul</strong></span> <span class='ocrx_word' id='word_1_186' title='bbox 831 2768 953 2840; x_wconf 85' lang='lat' dir='ltr'><strong>bonos</strong></span> <span class='ocrx_word' id='word_1_187' title='bbox 973 2768 1135 2842; x_wconf 80' lang='lat' dir='ltr'><strong>&amp;malos</strong></span> <span class='ocrx_word' id='word_1_188' title='bbox 1152 2792 1265 2863; x_wconf 87' lang='lat' dir='ltr'><strong>usque</strong></span> <span class='ocrx_word' id='word_1_189' title='bbox 1282 2776 1321 2856; x_wconf 88' lang='lat' dir='ltr'><strong>in</strong></span> 
     </span>
     <span class='ocr_line' id='line_1_25' title="bbox 252 2865 1320 2960; baseline 0.003 -18"><span class='ocrx_word' id='word_1_190' title='bbox 252 2869 362 2952; x_wconf 85' lang='lat' dir='ltr'><strong>finem</strong></span> <span class='ocrx_word' id='word_1_191' title='bbox 378 2867 485 2949; x_wconf 91' lang='lat' dir='ltr'><strong>seculi</strong></span> <span class='ocrx_word' id='word_1_192' title='bbox 500 2868 621 2940; x_wconf 89' lang='lat' dir='ltr'><strong>dicant</strong></span> <span class='ocrx_word' id='word_1_193' title='bbox 637 2866 706 2940; x_wconf 78' lang='lat' dir='ltr'><strong>eise</strong></span> <span class='ocrx_word' id='word_1_194' title='bbox 720 2865 933 2960; x_wconf 72' lang='lat' dir='ltr'><strong>pradisianr.</strong></span> <span class='ocrx_word' id='word_1_195' title='bbox 962 2900 965 2905; x_wconf 40' lang='lat'>¹</span> <span class='ocrx_word' id='word_1_196' title='bbox 986 2865 1096 2958; x_wconf 85' lang='lat' dir='ltr'><strong>Cujus</strong></span> <span class='ocrx_word' id='word_1_197' title='bbox 1112 2872 1163 2942; x_wconf 91' lang='lat' dir='ltr'><strong>rei</strong></span> <span class='ocrx_word' id='word_1_198' title='bbox 1181 2872 1320 2955; x_wconf 89' lang='lat' dir='ltr'><strong>causarn</strong></span> 
     </span>
     <span class='ocr_line' id='line_1_26' title="bbox 252 2963 1323 3067; baseline 0.007 -29"><span class='ocrx_word' id='word_1_199' title='bbox 252 2992 327 3054; x_wconf 82' lang='lat' dir='ltr'><strong>nos·</strong></span> <span class='ocrx_word' id='word_1_200' title='bbox 343 2970 452 3064; x_wconf 84' lang='lat' dir='ltr'><strong>magis</strong></span> <span class='ocrx_word' id='word_1_201' title='bbox 469 2967 709 3059; x_wconf 83' lang='lat' dir='ltr'><strong>ostendimus,</strong></span> <span class='ocrx_word' id='word_1_202' title='bbox 737 2963 930 3040; x_wconf 81' lang='lat' dir='ltr'><strong>Ecclestarn</strong></span> <span class='ocrx_word' id='word_1_203' title='bbox 949 2965 1100 3047; x_wconf 88' lang='lat' dir='ltr'><strong>Domini</strong></span> <span class='ocrx_word' id='word_1_204' title='bbox 1115 2970 1151 3041; x_wconf 92' lang='lat' dir='ltr'><strong>in</strong></span> <span class='ocrx_word' id='word_1_205' title='bbox 1163 2968 1323 3067; x_wconf 86' lang='lat' dir='ltr'><strong>Scriptu-</strong></span> 
     </span>
     <span class='ocr_line' id='line_1_27' title="bbox 253 3064 1325 3162; baseline 0.004 -19"><span class='ocrx_word' id='word_1_206' title='bbox 253 3073 304 3151; x_wconf 86' lang='lat' dir='ltr'><strong>ris</strong></span> <span class='ocrx_word' id='word_1_207' title='bbox 327 3070 456 3141; x_wconf 90' lang='lat' dir='ltr'><strong>divinis</strong></span> <span class='ocrx_word' id='word_1_208' title='bbox 474 3065 638 3146; x_wconf 5' lang='lat' dir='ltr'><strong>‘sannam&#39;</strong></span> <span class='ocrx_word' id='word_1_209' title='bbox 654 3067 687 3144; x_wconf 78' lang='lat' dir='ltr'><strong>a</strong></span> <span class='ocrx_word' id='word_1_210' title='bbox 705 3064 965 3143; x_wconf 84' lang='lat' dir='ltr'><strong>immaculatam</strong></span> <span class='ocrx_word' id='word_1_211' title='bbox 983 3066 1066 3145; x_wconf 86' lang='lat' dir='ltr'><strong>fore</strong></span> <span class='ocrx_word' id='word_1_212' title='bbox 1083 3069 1216 3162; x_wconf 89' lang='lat' dir='ltr'><strong>ubique</strong></span> <span class='ocrx_word' id='word_1_213' title='bbox 1233 3094 1325 3147; x_wconf 91' lang='lat' dir='ltr'><strong>nun·</strong></span> 
     </span>
     <span class='ocr_line' id='line_1_28' title="bbox 253 3164 1323 3261; baseline -0.001 -20"><span class='ocrx_word' id='word_1_214' title='bbox 253 3172 388 3250; x_wconf 85' lang='lat' dir='ltr'><strong>tiatam.</strong></span> <span class='ocrx_word' id='word_1_215' title='bbox 440 3165 507 3253; x_wconf 69' lang='lat' dir='ltr'><strong>Pet·</strong></span> <span class='ocrx_word' id='word_1_216' title='bbox 526 3165 661 3245; x_wconf 79' lang='lat' dir='ltr'><strong>lseiam:</strong></span> <span class='ocrx_word' id='word_1_217' title='bbox 699 3169 826 3260; x_wconf 80' lang='lat' dir='ltr'><strong>Exurge</strong></span> <span class='ocrx_word' id='word_1_218' title='bbox 847 3164 945 3255; x_wconf 80' lang='lat' dir='ltr'><strong>Sion,</strong></span> <span class='ocrx_word' id='word_1_219' title='bbox 972 3169 1069 3238; x_wconf 80' lang='lat' dir='ltr'><strong>indere</strong></span> <span class='ocrx_word' id='word_1_220' title='bbox 1085 3168 1323 3261; x_wconf 72' lang='lat' dir='ltr'><strong>fortitudinem</strong></span> 
     </span>
     <span class='ocr_line' id='line_1_29' title="bbox 254 3266 1325 3370; baseline 0.007 -32"><span class='ocrx_word' id='word_1_221' title='bbox 254 3284 347 3350; x_wconf 76' lang='lat' dir='ltr'><strong>tuam</strong></span> <span class='ocrx_word' id='word_1_222' title='bbox 368 3267 545 3364; x_wconf 80' lang='lat' dir='ltr'><strong>Jerusalem</strong></span> <span class='ocrx_word' id='word_1_223' title='bbox 566 3271 684 3345; x_wconf 67' lang='lat' dir='ltr'><strong>ciritae</strong></span> <span class='ocrx_word' id='word_1_224' title='bbox 707 3266 843 3359; x_wconf 61' lang='lat' dir='ltr'><strong>seruiit,</strong></span> <span class='ocrx_word' id='word_1_225' title='bbox 877 3291 943 3339; x_wconf 84' lang='lat' dir='ltr'><strong>non</strong></span> <span class='ocrx_word' id='word_1_226' title='bbox 962 3268 1091 3362; x_wconf 75' lang='lat' dir='ltr'><strong>adjiciet</strong></span> <span class='ocrx_word' id='word_1_227' title='bbox 1109 3277 1254 3343; x_wconf 86' lang='lat' dir='ltr'><strong>transire</strong></span> <span class='ocrx_word' id='word_1_228' title='bbox 1268 3294 1325 3370; x_wconf 77' lang='lat' dir='ltr'><strong>per</strong></span> 
     </span>
     <span class='ocr_line' id='line_1_30' title="bbox 203 3364 1325 3462; baseline 0.004 -23"><span class='ocrx_word' id='word_1_229' title='bbox 203 3406 206 3411; x_wconf 95' lang='lat'>·</span> <span class='ocrx_word' id='word_1_230' title='bbox 257 3385 290 3448; x_wconf 82' lang='lat' dir='ltr'><strong>re</strong></span> <span class='ocrx_word' id='word_1_231' title='bbox 303 3367 584 3457; x_wconf 68' lang='lat' dir='ltr'><strong>incircumcisus&amp;</strong></span> <span class='ocrx_word' id='word_1_232' title='bbox 596 3370 789 3449; x_wconf 76' lang='lat' dir='ltr'><strong>immundus,</strong></span> <span class='ocrx_word' id='word_1_233' title='bbox 817 3364 866 3446; x_wconf 83' lang='lat' dir='ltr'><strong>Et</strong></span> <span class='ocrx_word' id='word_1_234' title='bbox 879 3368 1021 3447; x_wconf 83' lang='lat' dir='ltr'><strong>iterum.</strong></span> <span class='ocrx_word' id='word_1_235' title='bbox 1058 3372 1124 3444; x_wconf 81' lang='lat' dir='ltr'><strong>Dic</strong></span> <span class='ocrx_word' id='word_1_236' title='bbox 1132 3372 1215 3460; x_wconf 75' lang='lat' dir='ltr'><strong>filia</strong></span> <span class='ocrx_word' id='word_1_237' title='bbox 1226 3376 1325 3462; x_wconf 76' lang='lat' dir='ltr'><strong>asion,</strong></span> 
     </span>
     <span class='ocr_line' id='line_1_31' title="bbox 255 3465 1326 3564; baseline 0.002 -28"><span class='ocrx_word' id='word_1_238' title='bbox 255 3493 319 3547; x_wconf 79' lang='lat' dir='ltr'><strong>acce</strong></span> <span class='ocrx_word' id='word_1_239' title='bbox 340 3470 401 3540; x_wconf 86' lang='lat' dir='ltr'><strong>tibt&#39;</strong></span> <span class='ocrx_word' id='word_1_240' title='bbox 425 3467 582 3544; x_wconf 76' lang='lat' dir='ltr'><strong>Salvator</strong></span> <span class='ocrx_word' id='word_1_241' title='bbox 601 3471 752 3548; x_wconf 80' lang='lat' dir='ltr'><strong>adveniet</strong></span> <span class='ocrx_word' id='word_1_242' title='bbox 776 3467 897 3541; x_wconf 73' lang='lat' dir='ltr'><strong>itabens</strong></span> <span class='ocrx_word' id='word_1_243' title='bbox 920 3467 1083 3544; x_wconf 77' lang='lat' dir='ltr'><strong>mercedem</strong></span> <span class='ocrx_word' id='word_1_244' title='bbox 1101 3465 1140 3549; x_wconf 72' lang='lat'><strong>(5</strong></span> <span class='ocrx_word' id='word_1_245' title='bbox 1155 3489 1229 3564; x_wconf 82' lang='lat' dir='ltr'><strong>opus</strong></span> <span class='ocrx_word' id='word_1_246' title='bbox 1247 3489 1326 3547; x_wconf 83' lang='lat' dir='ltr'><strong>ante</strong></span> 
     </span>
     <span class='ocr_line' id='line_1_32' title="bbox 249 3565 1329 3671; baseline 0.006 -32"><span class='ocrx_word' id='word_1_247' title='bbox 249 3568 369 3671; x_wconf 75' lang='lat' dir='ltr'><strong>faciem</strong></span> <span class='ocrx_word' id='word_1_248' title='bbox 377 3572 485 3661; x_wconf 72' lang='lat' dir='ltr'><strong>suam,</strong></span> <span class='ocrx_word' id='word_1_249' title='bbox 501 3567 545 3653; x_wconf 68' lang='lat'><strong>(5</strong></span> <span class='ocrx_word' id='word_1_250' title='bbox 559 3569 682 3644; x_wconf 76' lang='lat' dir='ltr'><strong>anain</strong></span> <span class='ocrx_word' id='word_1_251' title='bbox 701 3568 790 3641; x_wconf 78' lang='lat' dir='ltr'><strong>itum</strong></span> <span class='ocrx_word' id='word_1_252' title='bbox 810 3567 956 3668; x_wconf 78' lang='lat' dir='ltr'><strong>populum</strong></span> <span class='ocrx_word' id='word_1_253' title='bbox 970 3565 1118 3654; x_wconf 70' lang='lat' dir='ltr'><strong>[andium</strong></span> <span class='ocrx_word' id='word_1_254' title='bbox 1136 3573 1329 3668; x_wconf 82' lang='lat' dir='ltr'><strong>redemptum</strong></span> 
     </span>
     <span class='ocr_line' id='line_1_33' title="bbox 256 3666 1329 3762; baseline -0.002 -22"><span class='ocrx_word' id='word_1_255' title='bbox 256 3697 278 3748; x_wconf 75' lang='lat' dir='ltr'><strong>a</strong></span> <span class='ocrx_word' id='word_1_256' title='bbox 307 3672 459 3746; x_wconf 82' lang='lat' dir='ltr'><strong>Domina,</strong></span> <span class='ocrx_word' id='word_1_257' title='bbox 528 3669 580 3749; x_wconf 78' lang='grc' dir='ltr'><strong>Ίκ</strong></span> <span class='ocrx_word' id='word_1_258' title='bbox 596 3673 708 3757; x_wconf 69' lang='lat' dir='ltr'><strong>&#39;aretem</strong></span> <span class='ocrx_word' id='word_1_259' title='bbox 733 3668 892 3747; x_wconf 60' lang='lat' dir='ltr'><strong>venderis</strong></span> <span class='ocrx_word' id='word_1_260' title='bbox 918 3666 1083 3762; x_wconf 80' lang='lat' dir='ltr'><strong>defiderata</strong></span> <span class='ocrx_word' id='word_1_261' title='bbox 1113 3671 1253 3751; x_wconf 85' lang='lat' dir='ltr'><strong>civitas,</strong></span> <span class='ocrx_word' id='word_1_262' title='bbox 1287 3673 1329 3748; x_wconf 73' lang='lat'><strong>(5</strong></span> 
     </span>
     <span class='ocr_line' id='line_1_34' title="bbox 256 3762 1329 3864; baseline 0.003 -27"><span class='ocrx_word' id='word_1_263' title='bbox 256 3794 324 3846; x_wconf 64' lang='lat' dir='ltr'><strong>man</strong></span> <span class='ocrx_word' id='word_1_264' title='bbox 345 3763 505 3843; x_wconf 73' lang='lat' dir='ltr'><strong>dereliiia.</strong></span> <span class='ocrx_word' id='word_1_265' title='bbox 564 3764 613 3848; x_wconf 76' lang='lat' dir='ltr'><strong>Et</strong></span> <span class='ocrx_word' id='word_1_266' title='bbox 635 3770 776 3845; x_wconf 84' lang='lat' dir='ltr'><strong>iterum.</strong></span> <span class='ocrx_word' id='word_1_267' title='bbox 820 3762 1061 3858; x_wconf 75' lang='lat' dir='ltr'><strong>Confertamini</strong></span> <span class='ocrx_word' id='word_1_268' title='bbox 1094 3791 1207 3842; x_wconf 86' lang='lat' dir='ltr'><strong>manus</strong></span> <span class='ocrx_word' id='word_1_269' title='bbox 1237 3773 1329 3864; x_wconf 80' lang='lat' dir='ltr'><strong>diffa.</strong></span> 
     </span>
     <span class='ocr_line' id='line_1_35' title="bbox 213 3865 1338 3969; baseline 0.001 -30"><span class='ocrx_word' id='word_1_270' title='bbox 213 3892 230 3911; x_wconf 88' lang='lat'><strong>··</strong></span> <span class='ocrx_word' id='word_1_271' title='bbox 261 3869 363 3959; x_wconf 78' lang='lat' dir='ltr'><strong>itta,</strong></span> <span class='ocrx_word' id='word_1_272' title='bbox 397 3865 436 3944; x_wconf 67' lang='lat' dir='ltr'><strong>ss</strong></span> <span class='ocrx_word' id='word_1_273' title='bbox 450 3892 554 3963; x_wconf 80' lang='lat' dir='ltr'><strong>genua</strong></span> <span class='ocrx_word' id='word_1_274' title='bbox 575 3869 689 3946; x_wconf 77' lang='lat' dir='ltr'><strong>debilia</strong></span> <span class='ocrx_word' id='word_1_275' title='bbox 709 3867 949 3960; x_wconf 76' lang='lat' dir='ltr'><strong>confortamini.</strong></span> <span class='ocrx_word' id='word_1_276' title='bbox 1000 3870 1070 3959; x_wconf 71' lang='lat' dir='ltr'><strong>Qui</strong></span> <span class='ocrx_word' id='word_1_277' title='bbox 1088 3867 1157 3968; x_wconf 73' lang='lat' dir='ltr'><strong>eliis</strong></span> <span class='ocrx_word' id='word_1_278' title='bbox 1171 3870 1338 3969; x_wconf 69' lang='lat' dir='ltr'><strong>pufisanie·</strong></span> 
     </span>
     <span class='ocr_line' id='line_1_36' title="bbox 261 3967 1332 4066; baseline 0.011 -30"><span class='ocrx_word' id='word_1_279' title='bbox 261 3993 345 4066; x_wconf 76' lang='lat' dir='ltr'><strong>rnre,</strong></span> <span class='ocrx_word' id='word_1_280' title='bbox 370 3970 470 4049; x_wconf 78' lang='lat' dir='ltr'><strong>nolite</strong></span> <span class='ocrx_word' id='word_1_281' title='bbox 487 3974 615 4057; x_wconf 86' lang='lat' dir='ltr'><strong>timere,</strong></span> <span class='ocrx_word' id='word_1_282' title='bbox 636 3973 796 4040; x_wconf 84' lang='lat' dir='ltr'><strong>Dominus</strong></span> <span class='ocrx_word' id='word_1_283' title='bbox 815 3968 915 4063; x_wconf 67' lang='lat' dir='ltr'><strong>noster</strong></span> <span class='ocrx_word' id='word_1_284' title='bbox 926 3967 1082 4063; x_wconf 78' lang='lat' dir='ltr'><strong>judicium</strong></span> <span class='ocrx_word' id='word_1_285' title='bbox 1097 3970 1271 4061; x_wconf 77' lang='lat' dir='ltr'><strong>retribuet,</strong></span> <span class='ocrx_word' id='word_1_286' title='bbox 1291 3967 1332 4052; x_wconf 63' lang='lat'><strong>(5</strong></span> 
     </span>
    </p>
   </div>
   <div class='ocr_carea' id='block_1_3' title="bbox 262 4069 1332 4237">
    <p class='ocr_par' dir='ltr' id='par_1_3' title="bbox 262 4069 1332 4237">
     <span class='ocr_line' id='line_1_37' title="bbox 262 4069 1332 4177; baseline 0.002 -28"><span class='ocrx_word' id='word_1_287' title='bbox 262 4069 326 4177; x_wconf 79' lang='lat' dir='ltr'><strong>ipse</strong></span> <span class='ocrx_word' id='word_1_288' title='bbox 351 4077 489 4168; x_wconf 74' lang='lat' dir='ltr'><strong>venat,</strong></span> <span class='ocrx_word' id='word_1_289' title='bbox 523 4069 685 4163; x_wconf 64' lang='lat' dir='ltr'><strong>&amp;fialam</strong></span> <span class='ocrx_word' id='word_1_290' title='bbox 704 4069 911 4166; x_wconf 79' lang='lat' dir='ltr'><strong>facierum:</strong></span> <span class='ocrx_word' id='word_1_291' title='bbox 943 4082 1019 4143; x_wconf 78' lang='lat' dir='ltr'><strong>tene</strong></span> <span class='ocrx_word' id='word_1_292' title='bbox 1041 4075 1226 4167; x_wconf 84' lang='lat' dir='ltr'><strong>aperientur</strong></span> <span class='ocrx_word' id='word_1_293' title='bbox 1250 4075 1332 4151; x_wconf 79' lang='lat' dir='ltr'><strong>urii</strong></span> 
     </span>
     <span class='ocr_line' id='line_1_38' title="bbox 1212 4189 1307 4237; baseline 0.011 -1"><span class='ocrx_word' id='word_1_294' title='bbox 1212 4189 1307 4237; x_wconf 71' lang='lat' dir='ltr'><strong>tatu·</strong></span> 
     </span>
    </p>
   </div>
   <div class='ocr_carea' id='block_1_4' title="bbox 0 0 1628 4784">
    <p class='ocr_par' dir='ltr' id='par_1_4' title="bbox 0 0 1628 4784">
     <span class='ocr_line' id='line_1_39' title="bbox 0 0 1628 4784; baseline 0 0"><span class='ocrx_word' id='word_1_295' title='bbox 0 0 1628 4784; x_wconf 95' lang='lat' dir='ltr'><strong> </strong></span> 
     </span>
    </p>
   </div>
  </div>
 </body>
</html>
