3200 4784
551 411 704 490 Lraao
726 427 807 490 ort.
831 429 1052 492 naturam
1261 433 1329 512 τις

262 579 326 652 via
339 575 455 651 lioroa
469 575 699 660 tradiderint,
724 595 794 649 nec
811 576 920 648 corda
934 597 1005 650 nec
1020 585 1158 654 mentes
1177 577 1332 652 tradide-

261 681 343 752 rint
367 676 445 749 suas
464 678 502 748 in
527 679 655 768 quibus
675 675 775 748 Deru
794 677 908 770 legem
929 675 1024 750 suam
1044 672 1196 768 scripsit,
1228 675 1331 750 sicuti

262 775 303 852 se
325 779 538 871 scripturum
562 773 632 848 else
656 771 876 867 promiserat.
929 774 1003 848 Ubi
1028 773 1080 846 est
1104 795 1192 870 ergo
1217 775 1331 848 frater

262 876 500 950 Parmeniane
521 875 621 967 quod
642 871 758 946 dixisti
777 876 923 966 ¹penitus
943 872 1100 947 exustam
1124 873 1331 949 a'l'radito·

263 979 366 1048 ribus
389 973 530 1071 legem?
562 970 661 1046 Ecce
686 991 757 1046 nec
776 975 919 1065 penitus
942 973 1062 1046 exusta
1086 972 1160 1064 est,
1194 995 1261 1048 nec
1283 993 1331 1048 ex

264 1090 354 1148 toto
373 1073 532 1164 sublata,
557 1074 641 1146 dom
662 1071 696 1145 u
714 1075 753 1143 in
771 1072 941 1146 cordibus
960 1075 1180 1146 credentium
1197 1089 1330 1164 manet,

265 1176 302 1249 dr
315 1177 490 1245 librorum
503 1175 613 1245 tillia
627 1172 762 1261 ubique
775 1173 988 1245 recitantur:
1014 1172 1111 1245 unde
1126 1189 1273 1264 apparet
1290 1187 1330 1246 te

265 1291 435 1369 parentes
457 1289 544 1344 tuos
562 1271 725 1363 quamvis
745 1290 811 1363 per
830 1272 1068 1364 ignorantiam
1083 1269 1211 1344 frustra
1227 1290 1332 1344 accu-

266 1374 343 1446 sare
368 1369 532 1444 voluiss'e.
588 1370 701 1465 Igitur
722 1369 747 1441 st
770 1385 938 1460 parentes
965 1369 1075 1442 vestri
1097 1369 1140 1442 ad
1165 1385 1332 1462 tempora

266 1473 415 1545 unitatis
437 1481 675 1543 occurrerent
699 1480 760 1543 tot
782 1471 955 1561 exemplis
975 1469 1235 1542 rationabiliter
1250 1469 1333 1544 red.

266 1574 364 1663 ditis,
378 1571 790 1665 &ipsracommunioue
798 1569 923 1660 repelli
937 1589 1014 1642 nou
1024 1567 1181 1662 pollent,
1192 1583 1332 1660 quanto

263 1692 336 1742 vos
351 1692 443 1761 quos
458 1669 600 1742 constat
614 1688 692 1739 non
702 1665 916 1740 Traditoret
931 1665 1020 1760 elie,
1046 1667 1105 1742 sed
1125 1664 1222 1742 filiot
1240 1665 1333 1742 Tn-

265 1771 446 1858 ditorum‚
472 1790 555 1842 cum
576 1782 717 1858 patrum
742 1766 777 1837 u
792 1763 950 1838 filiorum
973 1766 1183 1859 &persone
1205 1765 1356 1841 discen·

264 1881 400 1938 nantur
424 1868 459 1937 u
480 1868 658 1957 nomina,
690 1867 787 1936 inter
813 1885 899 1955 quas
922 1863 1112 1958 personas,
1147 1865 1265 1940 finon
1288 1866 1331 1940 it

268 1966 472 2037 communie
505 1967 640 2054 culpa,
674 1983 752 2036 non
785 1963 905 2056 potest
937 1984 1009 2038 una
1042 1963 1114 2040 elie
1143 1965 1327 2042 sententia.

266 2067 494 2164 Quamquam
509 2065 544 2138 dr
560 2063 586 2138 ii
598 2065 742 2138 illorum
755 2064 875 2138 unitae
891 2059 1006 2141 fieret.

687 2217 708 2230 ”
740 2227 859 2300 Altera

349 2364 604 2439 Intraverunt
637 2367 679 2438 Si
702 2369 780 2463 quid
801 2395 822 2438 a
837 2368 923 2459 filr'r's
945 2365 1084 2460 fafiton
1107 2368 1331 2466 delinquente

267 2479 376 2558 atque
403 2469 498 2540 lraec:
543 2458 742 2562 Temporibus
764 2473 905 2538 unitatis
930 2469 995 2543 dac.
1031 2467 1119 2542 lbid.
1145 2489 1222 2558 pag.
1249 2485 1330 2564 109.

266 2569 329 2639 lin.
347 2574 406 2644 ati.
438 2565 517 2637 talis
541 2564 610 2637 est:
646 2563 738 2640 Cum
756 2567 789 2638 dt
807 2571 1030 2660 tenporibus
1046 2565 1166 2656 Moysi
1185 2565 1256 2640 stne
1272 2587 1332 2640 cu·

264 2666 429 2756 jusquarn
448 2683 553 2759 poena
574 2666 633 2736 lex
655 2665 783 2737 iterata
806 2663 870 2754 sit,
908 2665 942 2734 dt
961 2683 1041 2736 arca
1065 2663 1264 2738 testamenti
1287 2667 1331 2741 ab
1359 2677 1362 2686 '

267 2763 430 2836 hostibus
453 2765 552 2834 ultro
574 2762 617 2833 srt
633 2761 795 2844 reddita,
822 2763 855 2834 dr
873 2763 917 2835 ab
937 2761 1087 2854 Jerenia
1104 2763 1186 2838 Deo
1207 2769 1332 2858 praeci·

266 2866 392 2955 piente
415 2863 539 2933 charta
560 2859 602 2931 iit
622 2861 731 2931 altera
756 2860 903 2954 scripta:
939 2882 1048 2952 quare
1069 2875 1215 2960 putatur
1237 2865 1332 2960 apud

268 2966 422 3053 majores
433 2956 574 3030 vestros
589 2955 686 3030 solos
702 2960 853 3052 capitale
871 2959 970 3032 fuille
985 2975 1189 3055 peccatum,
1207 2965 1243 3037 in
1256 2983 1330 3058 quo

267 3081 335 3152 per
358 3073 418 3129 tot
445 3058 610 3150 exempla
632 3078 741 3132 nemo
771 3059 956 3134 damnatus
985 3059 1061 3134 elli
1103 3063 1198 3138 Nam
1222 3063 1244 3137 sr
1273 3067 1331 3138 lex

266 3159 352 3230 ideo
373 3160 454 3230 data
479 3157 551 3242 est,
575 3172 616 3229 ut
640 3159 804 3232 homines
831 3161 1077 3254 docerentur,
1110 3183 1186 3236 non
1203 3178 1242 3235 ut
1259 3161 1332 3257 ipsa

265 3259 326 3329 lex
341 3257 433 3347 quast
451 3275 519 3349 pro
537 3256 620 3329 Deo
637 3259 842 3346 coleretur,
866 3259 946 3352 post
964 3258 1092 3334 iactum
1110 3277 1248 3356 patrum
1267 3285 1330 3336 ve·

265 3356 419 3429 strorum
436 3357 571 3429 nullum
591 3355 756 3431 damnum
776 3357 871 3450 palla
891 3359 942 3431 est
959 3363 1063 3434 turba
1083 3360 1328 3448 credentium

265 3457 512 3546 unusquisque
537 3473 665 3528 eorum
698 3459 759 3528 sub
788 3473 887 3529 metu
924 3459 1069 3530 codices
1103 3457 1183 3532 suos
1214 3459 1329 3552 perdi·

266 3554 330 3627 dit
376 3552 471 3626 Nam
491 3554 551 3624 lex
569 3573 648 3641 quae
663 3554 852 3627 necellaria
868 3556 1008 3649 fuerat,
1036 3559 1132 3629 valet
1151 3559 1243 3648 apud
1264 3559 1331 3630 do·

267 3650 383 3725 tiores
408 3652 682 3745 populorum&
705 3655 865 3726 cultores
888 3653 967 3727 Dei.
1020 3653 1253 3728 Bibliothecae
1275 3675 1329 3729 re·

265 3750 368 3825 fertae
387 3749 467 3824 lunt
489 3750 611 3839 libris,
645 3752 733 3825 nihil
754 3753 851 3825 deest
869 3751 1054 3829 Ecclesia,
1084 3773 1148 3848 per
1165 3755 1245 3826 loca
1264 3755 1330 3830 srn·

266 3854 348 3947 gula
371 3850 530 3923 divinum
553 3847 656 3922 sonat
679 3853 812 3941 ubique
843 3853 1082 3944 praeconium3
1119 3873 1195 3927 non
1225 3853 1329 3930 srlent
1405 3873 1406 3878 ‘

265 3947 542 4041 maledictum,
568 3968 692 4022 manus
711 3952 871 4024 omnium
888 3951 1072 4026 codicibus
1093 3955 1206 4048 plenae
1222 3952 1326 4040 sunta
1383 3987 1387 3998 ·

264 4048 353 4125 nihil
373 4046 470 4125 deest
488 4050 636 4154 'pepulit
662 4048 786 4125 duceri
809 4051 1058 4148 cupientibus,
1085 4053 1326 4148 quamvia'lex

1213 4166 1304 4222 nun
