3200 4784
295 403 302 410 ’
410 411 903 494 oiaDouarraranuu
934 403 1195 494 His'rorri.
1273 439 1344 512 223

250 591 327 653 -tra
342 549 519 654 innocuas
538 577 580 649 ad
598 575 794 648 Dominum
810 571 973 650 extensas
994 588 1174 650 armantur
1192 573 1342 654 fustibus

271 682 451 771 dexterae,
487 665 583 769 quali
603 677 719 749 minus
739 660 957 778 Martyrium
966 667 1156 765 d'icerent,
1184 679 1243 768 qui
1263 699 1340 755 non

271 779 414 877 gladiis,
440 774 526 849 sed
517 778 632 868 impia
640 777 736 848 cede
753 772 903 846 fustibus
920 769 1199 849 trucidabantur.

350 901 385 970 7
419 878 690 988 Quanquam
662 873 896 946 Honoratum
925 871 1114 948 sanuiinmi
1139 874 1339 951 Scilibensis
1414 923 1417 930 ·

270 974 441 1070 Episcopi
452 978 612 1071 jugulum
626 951 779 1045 Tribuni
793 972 929 1086 gladius
946 973 1008 1046 etsi
1028 993 1105 1046 non
1121 980 1340 1067 penetravit,

272 1089 394 1149 tamen
418 1075 659 1168 compunxit,
699 1085 808 1162 atque
832 1072 882 1143 ita
906 1070 939 1144 dt
964 1074 1133 1146 illiciam
1159 1075 1338 1151 ministros

273 1174 407 1247 diaboli
423 1174 527 1248 furor
542 1173 700 1264 detexit,
728 1191 832 1261 quain
849 1170 1003 1266 gloriosi
1009 1171 1189 1246 Antistitis
1202 1178 1341 1269 patien-

272 1275 321 1346 tia
348 1273 473 1347 Christi
506 1272 701 1346 Ecclesiam
729 1268 993 1344 manifestavit:
1031 1273 1113 1362 quia
1145 1293 1214 1346 nec
1248 1278 1337 1349 alius

271 1374 525 1447 ostendebatur
547 1370 676 1446 Christi
700 1369 849 1442 Domini
868 1369 1014 1458 servus,
1041 1392 1145 1462 quarn
1165 1375 1246 1465 ille,
1274 1377 1336 1464 qui

273 1473 351 1546 haec
366 1475 489 1548 eadem
505 1474 720 1566 patiebatur,
732 1487 810 1561 quae
821 1468 855 1541 &
868 1468 941 1563 ipse
953 1468 1066 1562 pallus
1078 1469 1337 1549 estDominus:

273 1574 429 1670 Ninefi,
462 1574 600 1663 inquit,
629 1571 742 1660 serviis
760 1573 861 1665 major
882 1572 1019 1641 Domino
1031 1571 1108 1658 sicca
1131 1572 1223 1666 fimo
1236 1577 1338 1670 p·erse

270 1690 338 1743 cuii
334 1674 444 1762 ',sunr
470 1673 509 1749 (5
524 1697 579 1742 vos
589 1670 824 1766 persequentur.
875 1671 999 1768 Quare
1015 1670 1089 1742 caesi
1105 1670 1140 1743 hi
1155 1597 1260 1745 servi
1264 1675 1336 1752 Dei

269 1771 371 1863 sunt,
406 1772 465 1863 qui
486 1791 505 1842 a
525 1770 646 1843 seculo
667 1770 880 1865 diliguntur,
914 1767 1105 1843 ostendant
1128 1770 1239 1863 ipsum
1257 1774 1337 1848 Do

271 1872 407 1943 minum
433 1892 453 1941 a
475 1869 597 1941 seculo
619 1866 721 1941 fuisse
747 1866 925 1943 dilectum.
982 1868 1019 1942 Si
1040 1884 1158 1945 autern
1179 1870 1336 1951 seculum

271 1969 414 2043 nonnisi
437 1988 524 2059 eos,
559 1970 618 2060 qui
642 1965 691 2040 sui
712 1966 812 2059 sunt,
846 1969 980 2065 diligit,
1007 1967 1147 2043 necesse
1171 1971 1241 2063 est,
1268 1995 1335 2050 eos

271 2070 368 2148 odio,
381 2070 557 2161 habeant,
584 2088 675 2160 quos
697 2068 742 2140 de
757 2066 878 2141 seculo
895 2067 1075 2143 Dominus
1094 2067 1193 2164 Jesus
1214 2075 1333 2170 elegit.

270 2173 297 2239 S
300 2174 311 2236 i
326 2170 361 2238 de
368 2167 470 2257 secula
484 2166 603 2258 usalis,
630 2168 766 2260 inquit,
785 2168 926 2259 seculum
939 2171 1019 2267 qued
1026 2170 1121 2259 suum
1138 2173 1227 2263 cſjet,
1247 2199 1335 2246 amc·

270 2284 339 2353 rear
362 2270 414 2356 sad
428 2273 504 2365 quia
519 2271 556 2340 ise
566 2268 667 2366 seculo
678 2293 744 2339 non
760 2269 853 2367 aslis,
873 2270 928 2359 sed
943 2267 1083 2365 egn'elegi
1099 2294 1156 2343 vos
1172 2274 1207 2342 de
1217 2272 1334 2367 seculo,

264 2386 429 2465 propterea
446 2369 512 2438 odit
529 2393 584 2438 voi
603 2370 743 2454 denium.
764 2407 767 2416 ¹

345 2479 377 2546 8.
397 2466 563 2559 Denique
578 2468 680 2560 cujus
694 2469 768 2541 odii
784 2467 921 2559 semper
936 2467 1054 2540 exitus
1069 2466 1244 2542 effufione
1260 2471 1335 2544 san·

250 2565 382 2661 ‘guinis
399 2568 550 2662 signatus
566 2566 637 2658 est,
659 2569 747 2640 sicut
764 2567 797 2639 dt
812 2587 908 2641 nunc
923 2564 1086 2661 padum,
1114 2574 1333 2643 conventio·

267 2687 422 2757 nemque
441 2664 581 2738 sceleris
600 2686 676 2737 non
695 2667 822 2757 aliter,
845 2685 949 2755 quam
968 2665 1241 2762 consignatione
1259 2670 1333 2742 san·

267 2769 382 2860 guinis
402 2779 674 2859 transegerunt,
700 2784 782 2837 cum
797 2766 914 2836 omnis
933 2778 1016 2836 aetas
1037 2763 1188 2838 &sexus
1208 2770 1331 2844 clausis

268 2864 460 2937 admodum
476 2863 591 2934 oculis
608 2861 691 2933 caesa
707 2863 743 2934 in
762 2864 878 2937 media
897 2863 1014 2936 basilia
1029 2880 1229 2940 necaretur.
1266 2867 1332 2942 Ba·
1358 2933 1361 2942 .

266 2959 384 3053 silica,
412 2964 576 3051 inquam,
609 2962 663 3032 int
649 2975 702 3033 tra
727 2963 827 3052 cuius
852 2966 1005 3056 parietes
1030 2964 1064 3036 di
1087 2967 1203 3038 occisa
1226 2967 1260 3039 u
1283 2943 1365 3042 se*

267 3063 367 3152 pulta
392 3059 472 3136 sunt
496 3080 652 3153 corpora
668 3061 875 3153 numerosa,
903 3063 1026 3136 &illic
1048 3085 1094 3136 ex
1116 3067 1332 3141 titulationi-

266 3165 332 3233 bus
349 3162 533 3246 nominum
550 3157 808 3254 persecutionis
823 3166 929 3238 etiam
944 3160 1200 3238 caecilianensis
1216 3187 1332 3259 usque

266 3261 302 3332 in
323 3257 432 3333 finem
454 3260 628 3334 memoria
651 3276 891 3356 prorogatur:
925 3284 972 3336 ne
996 3264 1103 3337 alios·
1096 3266 1333 3380 quandoque·

264 3359 496 3453 postmodum
517 3358 754 3452 Episcopatus
777 3363 925 3436 nomine
950 3362 1054 3457 gestae
1080 3365 1131 3436 rei
1160 3379 1331 3455 expertes

264 3460 447 3552 deceperit
465 3460 652 3554 parricida.
1409 3471 1416 3485 ’

316 3582 373 3658 09.
401 3558 495 3631 Nam
521 3561 555 3629 dc
580 3556 809 3632 anniversalis
833 3559 908 3632 dies
935 3559 1100 3653 religiosa
1125 3560 1330 3638 devotione

265 3677 341 3732 non
368 3659 547 3732 immerito
565 3660 788 3732 celebratur:
823 3658 875 3733 est
889 3660 981 3732 enirn
1000 3660 1233 3734 honorandus
1252 3664 1329 3736 dies

263 3755 351 3849 ille,
377 3759 506 3850 inquo
525 3755 558 3828 u
577 3758 693 3829 omnis
712 3757 869 3832 Ecclesia
890 3751 959 3831 Dei
984 3757 1166 3848 confessa,
1193 3760 1226 3832 di
1247 3759 1330 3854 post

264 3857 340 3946 ejus
360 3854 487 3930 Christi
507 3856 659 3931 Domini
681 3859 804 3934 eterni
822 3859 950 3950 judicis
978 3859 1125 3931 dextera
1150 3878 1329 3937 coronata

263 3952 325 4029 est.
383 3956 528 4032 Viderit
546 3959 641 4032 eiiiin
655 3973 724 4030 cur
741 3979 818 4033 non
838 3979 964 4033 omnes
983 3959 1180 4051 permiserit
1196 3957 1328 4036 summa

259 4055 374 4148 pietas
398 4059 607 4152 trucidari,
629 4069 749 4136 tamen
777 4060 890 4135 corda
917 4057 1140 4188 conspiciens
1167 4065 1329 4300 affinium

681 4193 698 4210 ·
1224 4178 1261 4230 aa
