3200 4784
531 387 681 488 47'6
838 403 855 418 ·
1038 361 2169 476 Monumnnravnrnnn

537 547 1864 743 a;x;?7·s1²‡f1⁰t'352²{3‘1‘33¹51&ssss
1885 547 2658 730 ἔῖἒῗέὅξηῖἔῖἷῖἒὲ
2699 713 2706 718 ,

534 754 660 827 riis
699 772 821 843 ea,
858 770 1013 844 quae
1041 752 1129 824 ab
1162 751 1674 846 exceptoribus
1703 747 1920 825 officii
1946 753 2274 828 recitata
2309 749 2520 848 sunt,
2545 775 2654 849 per·

536 864 939 932 currantur.

684 961 801 1039 48.
862 949 1219 1021 Petilianus
1252 950 1315 1021 F
1313 951 1581 1046 ρπβ-ορκο-
1611 951 1815 1020 dixit.-
1863 947 2074 1024 Tene
2107 951 2440 1026 modum
2471 967 2654 1038 tuum,

532 1053 652 1125 vir
681 1048 989 1138 nobilis,
1026 1067 1196 1124 tene
1225 1048 1627 1145 promissam
1659 1048 1836 1142 saepe
1859 1048 2229 1140 J‘ustitiam.
2305 1049 2512 1126 Nam
2537 1073 2656 1128 cum

530 1172 577 1225 a
626 1163 831 1246 parte
897 1149 1139 1224 nostra
1193 1148 1753 1222 nudiustertiana
1815 1149 1929 1219 die
1987 1146 2236 1222 fuisset
2297 1150 2654 1250 objeflum,

534 1251 732 1344 quod
781 1250 929 1320 dies
965 1250 1319 1346 legitimus
1359 1245 1579 1320 causae
1612 1250 1756 1340 jam
1791 1247 2163 1321 videretur
2201 1250 2436 1325 fuiss'e
2477 1267 2656 1325 trans·

531 1349 769 1440 aecus,
822 1348 890 1420 &
933 1371 971 1421 a
1018 1348 1221 1422 causa
1273 1346 1600 1420 cecidisse
1641 1368 1812 1426 eos,
1867 1351 1984 1438 qui
2025 1369 2161 1420 nos
2211 1350 2300 1423 in
2341 1352 2656 1445 judicium

525 1462 1041 1538 vocaverunt,
1084 1444 1309 1520 coacti
1342 1448 1574 1520 sumus
1609 1446 1681 1519 id
1718 1448 1950 1527 velle,
1999 1463 2082 1519 ut
2111 1451 2574 1523 recedentes
2599 1453 2656 1524 ab

527 1549 781 1623 eadem
812 1547 1285 1621 conditione
1267 1567 1340 1617 m
1368 1561 1653 1639 tempus
1679 1547 1980 1640 praesens
2015 1550 2462 1623 consentire
2495 1551 2658 1624 vide·

523 1667 788 1723 remur.
904 1647 1152 1721 Nemo
1202 1646 1374 1718 mihi
1424 1644 1509 1717 fit
1548 1645 1680 1717 hac
1725 1647 1798 1717 in
1858 1662 2063 1737 parte
2105 1648 2514 1743 ingratus,
2577 1652 2660 1722 vir

523 1748 818 1823 nobilis.
921 1745 1113 1818 Nam
1159 1745 1207 1817 s1
1255 1765 1393 1839 ego
1444 1745 1754 1818 concessi
1798 1746 2254 1820 tantumdem
2295 1751 2659 1842 temporis,

521 1845 732 1921 salvis
767 1846 873 1919 his
911 1858 1190 1928 tamen,
1242 1843 1284 1917 fi
1328 1845 1425 1915 illi
1454 1842 2116 1936 adstipulationibus
2153 1844 2306 1920 suis
2339 1869 2508 1922 non
2542 1849 2660 1922 fue·

519 1948 668 2019 rint
713 1945 1088 2037 refragati,
1143 1965 1269 2016 cur
1314 1944 1483 2017 mihi
1530 1946 1756 2016 breve
1807 1964 1959 2017 non
2009 1946 2479 2020 conceditur
2518 1962 2658 2022 tem·

520 2066 699 2142 pus,
762 2058 843 2114 ut
889 2043 1284 2115 scribantur
1335 2041 1565 2137 gesta,
1631 2058 1712 2114 ut
1758 2039 2234 2118 subscribatur
2285 2068 2334 2119 a
2379 2047 2654 2122 sublimi·

514 2159 670 2218 tate
703 2156 866 2233 tua,
922 2141 1346 2257 videamque
1378 2162 1459 2212 ac
1490 2142 1889 2258 perlegam,
1935 2144 2048 2215 cui
2082 2144 2188 2216 rei
2219 2144 2658 2220 subscribere

515 2245 860 2331 debeam,
915 2241 1443 2334 percipiamque
1480 2261 1562 2313 ac
1592 2243 1928 2332 recipiam
1965 2263 2168 2316 meos
2205 2242 2508 2319 scilicet
2535 2246 2654 2320 sen-

511 2343 674 2435 sus,
730 2342 1291 2413 adversariorum
1337 2360 1626 2430 quoque
1671 2342 2127 2414 calliditatem
2178 2340 2654 2437 subtilemque

514 2443 908 2538 argutiamg
977 2452 1060 2513 ut
1097 2439 1364 2512 scilicet
1401 2438 1783 2530 plenisfime
1819 2440 2190 2515 instruens
2227 2445 2652 2518 intentioni-

508 2543 646 2616 bus
689 2561 936 2615 eorum
976 2542 1252 2613 valeam
1287 2538 1781 2630 respondere?
1835 2540 2248 2614 Humanum
2289 2544 2444 2618 effe
2481 2544 2648 2617 arbi-

507 2653 669 2713 tror
706 2654 921 2732 atque
961 2638 1267 2729 justum,
1315 2659 1408 2711 ne
1446 2638 1769 2729 dederis,
1825 2641 1939 2709 vir
1967 2635 2230 2712 nobilis
2257 2694 2289 2733 ,
2349 2643 2528 2716 huic
2555 2644 2644 2716 rei

506 2755 724 2832 atque
764 2740 929 2811 huic
957 2738 1324 2829 justissimae
1366 2738 1706 2829 petitioni
1745 2738 2004 2828 aliquid
2031 2792 2056 2825 .‚
2112 2742 2322 2828 quod
2365 2744 2442 2815 in
2473 2740 2644 2816 solli·
