3200 4784
507 441 653 498 ω»
982 391 992 408 ’
1224 417 1611 504 OrTAf'n
1647 415 1924 492 ‘Anu

425 607 432 626 ·
511 591 631 654 cat
682 590 807 652 aut
854 578 1293 653 invocatio?
1362 579 1618 668 utique
1669 577 2052 650 invocatio
2085 627 2108 664 ‚
2179 595 2334 648 non
2395 572 2650 653 taetus.

514 679 672 753 Aut
704 677 755 752 fi
792 677 882 752 de
914 678 1072 750 solo
1110 678 1299 751 taEtu
1337 675 1794 770 praesumitis,
1852 677 2124 771 tangite
2157 677 2464 750 tabulam
2487 728 2506 760 ‚
2555 679 2654 747 la-

509 779 791 873 pidem,
826 775 1131 850 vestem:
1184 780 1554 852 videamus
1586 797 1674 850 an
1709 775 1937 849 saneta
1965 774 2105 849 effe
2130 774 2428 868 poffim,
2469 775 2517 848 si
2556 778 2650 849 de

511 879 683 953 Deo
720 889 1065 949 taceatur.

634 1001 700 1068 4.
738 976 891 1072 Jam
924 974 1096 1048 illud
1129 991 1332 1064 quam
1356 971 1674 1066 stultum,
1711 995 1918 1064 quam
1949 995 2245 1062 vanum,
2283 972 2414 1063 est,
2451 975 2649 1064 quod

513 1076 601 1149 ad
637 1077 1133 1155 voluntatem,
1186 1072 1253 1144 ἀ
1290 1073 1473 1164 quafi
1514 1074 1601 1146 ad
1642 1075 2054 1169 dignitatem
2091 1074 2392 1146 vestram
2429 1094 2654 1144 revo-

512 1196 677 1249 care
728 1173 1055 1247 voluistis
1086 1226 1109 1265 ,
1186 1187 1269 1243 ut
1324 1175 1645 1270 virgines
1697 1173 1832 1244 Dei
1887 1194 2099 1268 agere
2158 1175 2668 1265 poenitentiam·

510 1274 906 1349 discerent:
976 1285 1059 1346 ut
1092 1274 1233 1365 jam
1281 1273 1545 1346 dudum
1596 1271 1967 1365 professae,
2021 1271 2207 1368 signa
2243 1274 2652 1346 voluntatis

513 1375 916 1467 capitibus,
980 1372 1227 1464 postea
1280 1373 1497 1446 vobis
1545 1373 1966 1466 jubentibus
2015 1375 2510 1446 immutarent:
2566 1387 2673 1446 ut·

508 1475 813 1550 mitellas
846 1472 1533 1564 aliasprojicerent,
1592 1472 1658 1542 ἃ
1690 1472 1854 1543 alias
1885 1473 2314 1566 acciperent.
2406 1471 2647 1543 Primo

512 1574 732 1646 dicite
752 1574 992 1662 nobis,
1008 1573 1130 1642 ubi
1147 1572 1361 1642 vobis
1382 1573 1641 1662 aliquid
1661 1571 1750 1644 de
1766 1572 2050 1644 mitellis
2068 1570 2475 1645 mandatum
2499 1569 2649 1644 est?

515 1673 886 1766 virginitas
940 1674 1128 1742 enim
1184 1671 1580 1743 voluntatis
1625 1691 1740 1742 res
1781 1669 1928 1749 est,
1995 1691 2148 1743 non
2198 1671 2651 1743 necessitatiS.

512 1771 854 1861 Denique
890 1768 1325 1840 stabularius
1364 1771 1485 1842 ille
1524 1769 1778 1842 Paulus
1818 1769 2218 1861 Apostolus
2242 1823 2268 1862 ‚
2318 1771 2432 1840 cui
2475 1789 2650 1840 con-

512 1867 738 1943 foss‘us
781 1883 1247 1960 peccatorum
1283 1871 1706 1941 vulneribus
1741 1872 2055 1961 populus
2079 1868 2650 1958 commendatus,

514 1970 701 2050 duos
754 1968 1084 2040 denarios
1113 2022 1139 2060 ‚
1194 1989 1379 2058 quos
1426 1985 1800 2066 erogaret,
1857 1982 2282 2061 acceperat,
2319 1967 2482 2039 duo
2528 1967 2656 2040 sci-

511 2071 688 2141 licet
720 2067 1175 2153 testamenta,
1229 2068 1381 2139 haec
1412 2089 1541 2159 per
1576 2067 1967 2142 dofitrinam
2005 2068 2188 2158 quasi
2227 2066 2487 2140 sumtus
2524 2069 2654 2139 im-

512 2168 796 2263 pendit:
831 2167 1083 2238 docuit
1107 2169 1481 2257 quomodo
1506 2169 1920 2260 conjugales
1942 2165 2312 2240 Christiani
2336 2167 2655 2238 debeant

512 2271 831 2338 vivere:
902 2287 941 2336 a
990 2286 1138 2356 quo
1184 2287 1345 2340 cum
1397 2285 1834 2356 quaereretur
1887 2267 2052 2358 quid
2103 2267 2194 2338 de
2247 2266 2646 2360 virginibus

510 2363 996 2461 praeciperet?
1074 2364 1478 2456 Respondit
1520 2365 1644 2440 fibi
1699 2370 1787 2439 de
1833 2368 2231 2464 virginibus
2288 2365 2456 2438 nihil
2509 2364 2652 2438 effe

513 2467 949 2539 mandatum.
1008 2512 1013 2518 -
1056 2462 1432 2537 Confess‘us
1476 2465 1619 2554 est,
1673 2466 1740 2538 se
1783 2465 1928 2539 duo
1975 2465 2394 2538 testamenta
2425 2517 2448 2552 ‚
2503 2466 2664 2537 hoc

515 2565 662 2656 est,
708 2566 898 2636 -duos
942 2563 1273 2636 denarios
1318 2563 1667 2659 erogass‘e:
1723 2566 2037 2658 expliciti
2073 2577 2278 2637 erant
2311 2564 2652 2656 quodam÷

511 2665 741 2739 modo
786 2662 1075 2738 sumtus.
1179 2663 1317 2735 Sed
1372 2667 1529 2754 quia
1578 2667 1696 2754 qui
1740 2664 2042 2738 saucium
2093 2663 2648 2737 commendave-

514 2787 625 2839 rat
798 2763 1170 2835 remiserat
1222 2763 1286 2835 se
1338 2767 1775 2835 redditurum
1955 2763 2079 2835 uid
2127 2763 2247 2835 uid
2287 2763 2359 2833 in
2407 2783 2651 2835 curam
