3200 4784
585 395 735 489 Ltonn
767 416 1021 482 secundus.
1289 420 1336 500 39

263 569 469 656 aperteque
481 561 745 656 contemnitis:
786 565 886 651 Duo,
910 559 1047 650 inquit,
1073 561 1277 633 acciderunt
1296 568 1335 634 in

267 665 418 758 templum
441 662 592 746 odorare,
623 686 710 732 unus
737 663 929 745 Pharisaei,
963 667 1003 735 (5
1026 662 1110 734 alter
1134 661 1334 738 Publicanus.

267 759 461 836 Pharisaeus
479 759 659 854 tumidus,
690 757 882 855 superbus,
916 759 1081 852 inflatus,
1114 763 1216 856 talis,
1251 783 1334 854 qua·

262 861 322 937 les
347 861 380 932 dr
404 873 475 934 vol
500 862 689 934 videmus:
722 883 797 934 non
826 862 1012 934 humiliato
1037 879 1220 953 corpore,
1252 880 1333 945 nota

265 961 439 1039 inclinata
453 963 618 1047 cervice:
636 960 821 1036 sederedla
833 960 943 1050 facie,
961 961 1159 1034 &tumenti
1171 959 1333 1057 periore,

269 1063 406 1135 Gratias
426 1061 510 1144 tibi,
536 1059 677 1152 inquit,
703 1065 816 1149 Deus,
848 1067 923 1156 quio
948 1062 1036 1130 nihil
1056 1067 1193 1156 peccavi.
1243 1061 1331 1135 Hoc

266 1159 323 1237 est
341 1159 460 1233 dicere
474 1160 581 1239 Deo,
607 1185 674 1230 nort
692 1161 808 1247 talea,
835 1163 912 1256 quod
936 1163 1078 1252 ignostas.
1137 1159 1223 1232 Hoc
1244 1159 1332 1232 insa·

266 1279 339 1336 nus
352 1258 467 1348 furor,
483 1262 555 1332 hoc
571 1261 799 1352 punienda&
817 1259 1012 1333 damnanda
1028 1259 1200 1353 superbia.
1229 1257 1330 1332 Deus

264 1373 412 1450 paratur
436 1357 488 1432 est
509 1359 722 1454 ignoscere,
756 1360 789 1432 dt
812 1381 894 1432 reus
913 1357 1055 1432 festinat
1073 1359 1331 1452 indulgentiam

265 1456 442 1549 ¹recusare.
494 1457 708 1540 Publicanos
726 1459 888 1552 humilis,
908 1458 1091 1534 hominem
1108 1456 1143 1530 se
1160 1455 1228 1528 eise
1247 1477 1331 1552 cog·

264 1557 443 1649 noscens,
469 1558 516 1632 stc
536 1560 708 1652 rogavit,
729 1559 872 1634 dicens:
909 1562 1073 1650 Propitius
1091 1557 1148 1652 esto
1164 1556 1247 1626 milri
1263 1577 1329 1650 per,

263 1664 377 1730 careri.
428 1657 487 1730 Sic
504 1653 686 1750 justificari
708 1659 838 1732 meruit
862 1660 1061 1757 humilitas:
1094 1657 1142 1730 lic
1167 1654 1330 1750 superbia

263 1757 306 1831 in
325 1756 523 1849 phariseo,
542 1755 720 1852 magistro
746 1758 895 1846 vestro,
930 1760 975 1830 de
1000 1759 1138 1847 templo
1163 1756 1329 1840 damnata

264 1853 470 1931 descendit·
513 1855 672 1931 Meliora
685 1860 836 1930 inventa
856 1855 935 1929 sunt
954 1871 1104 1947 peccata
1120 1876 1200 1930 cum
1215 1856 1329 1930 humi·

265 1954 394 2039 litate,
421 1973 524 2042 quarn
538 1954 746 2028 innocentia
761 1976 842 2030 cum
859 1954 1034 2046 superbia.
1084 1954 1226 2028 Deinde
1245 1975 1327 2028 cum

265 2050 611 2127 vobisTraditionis
628 2051 863 2129 &schismatis
878 2057 1001 2150 gravia
1011 2071 1160 2148 peccata
1174 2075 1249 2129 non
1267 2053 1327 2127 de·

265 2148 357 2244 ssot,
380 2151 525 2244 insuper
540 2151 762 2245 &superbos
777 2176 849 2228 vos
867 2154 936 2228 elle
952 2156 1187 2250 gratulamini.
1315 2169 1317 2174 ·

345 2271 401 2324 21.
418 2249 530 2323 Nunc
543 2254 709 2342 quoniam
725 2255 962 2328 erubescenda
975 2255 1228 2350 gaudiavestra
1245 2269 1328 2344 proe

266 2350 456 2442 irruimus,
473 2350 621 2426 &furor
637 2353 755 2437 vester
771 2368 831 2428 tot
846 2355 937 2427 locis
951 2353 1110 2430 ostensus
1124 2353 1192 2426 est:
1217 2353 1327 2424 restat

265 2449 314 2522 de
338 2450 518 2542 profunda
539 2452 722 2544 impietate
745 2453 861 2526 vestra
885 2454 1015 2544 aliquid
1039 2455 1170 2526 dicere.
1229 2450 1326 2524 Nam

266 2552 412 2640 omnia,
439 2570 516 2640 que
534 2573 554 2622 a
575 2554 682 2624 vobis
703 2567 765 2626 aut
788 2553 880 2626 falla
899 2551 1000 2638 sunt,
1028 2565 1088 2622 aut
1109 2549 1218 2638 dida,
1247 2550 1324 2638 quis

263 2649 406 2742 poterit
437 2650 646 2741 explicare?
684 2651 743 2724 Sic
774 2652 906 2724 cunila·
930 2650 1159 2742 malignitate
1177 2649 1357 2737 quadam.

263 2745 443 2820 ordinasse
461 2752 532 2820 'vor
550 2747 714 2838 constat,
734 2752 828 2822 utin
843 2769 914 2822 una
931 2749 1047 2838 specie
1066 2748 1186 2838 operis
1204 2744 1326 2839 vestri,

260 2843 400 2938 species
423 2848 507 2918 alias
526 2849 741 2940 impleretis:
766 2861 808 2920 ut
828 2847 911 2922 dum
935 2847 1126 2938 Presbyter
1145 2860 1207 2918 aut
1223 2841 1327 2938 Epis·

264 2965 383 3038 copus
406 2945 594 3039 dejicitur,
627 2946 674 3018 sic
695 2948 851 3042 populus
875 2963 1072 3039 caperetur.
1123 2945 1325 3042 Quomodo

263 3043 386 3139 pollet
407 3048 511 3117 turba
533 3046 716 3119 hominum
734 3045 845 3138 stare,
880 3069 957 3138 quae
982 3045 1161 3122 reilorem
1187 3045 1327 3137 suurna

262 3146 376 3216 vobis
394 3145 513 3220 elisum
531 3143 600 3218 elle
616 3145 868 3238 conspiceret?
895 3146 985 3220 Non
1001 3148 1103 3219 aliter
1118 3166 1222 3238 quam
1238 3165 1327 3236 quo·

263 3261 420 3334 eumque
440 3246 538 3327 casu,
556 3243 699 3340 pastore
711 3243 856 3341 occiso,
872 3248 946 3339 lupi
961 3245 1164 3344 gradentur.
1208 3241 1325 3316 Exor-

263 3341 403 3444 cizastis
420 3341 566 3435 fideles,
593 3348 626 3417 dt
641 3345 773 3418 lavistis
789 3347 860 3442 stne
879 3345 979 3418 causa
994 3346 1169 3439 parietes:
1194 3357 1236 3414 ut
1252 3342 1326 3414 hoc

262 3444 434 3532 nequitie
463 3463 594 3537 genere
623 3443 837 3518 subrueretis
865 3443 1186 3538 simplicissimorum
1210 3441 1328 3513 homi·

263 3560 352 3614 num
369 3553 520 3614 mentes.
571 3541 719 3618 Talibus
735 3545 888 3616 consiliis
903 3541 1050 3631 vestris,
1068 3541 1327 3614 nonnullorum

265 3641 373 3712 animi
394 3642 545 3736 jugulati
564 3637 663 3716 sunt:
690 3644 722 3716 &
742 3642 804 3715 sub
823 3645 917 3715 nube
936 3643 1186 3734 simplicitatis,
1211 3639 1327 3710 obcae·

260 3755 353 3812 cato
377 3739 507 3813 astutiae
530 3740 684 3832 lumine,
711 3759 753 3814 ut
768 3739 914 3816 miseros
935 3740 1138 3812 sterneretis
1149 3750 1169 3828 ,¹
1187 3735 1327 3840 sagittas

266 3839 314 3911 de
326 3841 491 3935 pharetra
505 3838 662 3931 peiloris
673 3843 802 3932 vestri,
826 3839 1089 3914 seduilionibus
1106 3837 1327 3931 pranifistisft

265 3954 309 4009 ut
336 3939 379 4012 de
404 3941 509 4036 vobis
537 3939 687 4033 Spiritus
709 3937 856 4020 sonibus
878 3959 943 4033 per
966 3937 1087 4013 David
1108 3937 1327 4040 Prophetam

265 4037 305 4111 in
323 4037 459 4143 ssalmo
471 4039 521 4112 lt·
530 4039 755 4137 predixerit:
780 4044 944 4133 Quoniam
959 4063 1021 4118 ectr
1035 4055 1203 4142 peccatores
1220 4043 1327 4106 interr·

325 4147 328 4155 '
814 4139 846 4222 C
871 4165 898 4242 4
1179 4140 1303 4213 derunt
