3200 4784
224 435 234 450 =
359 375 883 504 [nruouxrismnn
906 397 1197 476 llxxroarxu.
1261 421 1329 500 137

337 563 425 639 Post
441 565 518 637 dies
539 575 658 636 autern
677 559 851 652 sedecim,
877 561 968 634 hora
983 556 1097 633 nonu
1113 575 1259 654 quarta,
1285 565 1333 639 de'

261 685 414 744 carcere
440 661 633 757 produtlus
658 659 758 733 Felix
788 656 905 751 Episc.
929 657 1078 731 Anulini
1102 658 1331 738 Proconsulia

261 768 368 840 illico
383 763 435 838 est
448 760 678 857 praesentatus
699 755 905 852 aspectibus.
965 755 1032 828 Cui
1049 756 1228 836 Anulinus
1245 762 1332 836 Pro·

266 864 370 939 cons.
401 863 511 936 dixit:
547 861 660 956 Quod
687 861 753 932 tibi
774 878 909 933 nomen
927 855 1017 930 est?
1058 858 1159 934 Felix
1187 859 1333 955 Episco-

264 985 336 1060 pus
354 963 460 1036 dixit:
485 959 700 1033 Christianus
718 958 804 1034 sum.
847 956 1027 1030 Anulinus
1041 956 1211 1037 Procons.
1226 965 1332 1038 dixit:

265 1063 360 1140 Non
388 1074 426 1136 te
449 1061 495 1140 de
516 1061 702 1132 vocabulo
729 1057 872 1148 quaesrvi
898 1056 1146 1150 profelsronis‚
1181 1059 1238 1132 sed
1252 1083 1333 1154 per·

269 1162 457 1238 cunclatut
470 1159 564 1250 sum,
582 1177 657 1249 quo
671 1158 820 1230 nomine
835 1161 1063 1258 nuncuperis.
1099 1159 1200 1231 Felix
1216 1156 1333 1250 Episc.

269 1263 382 1336 dixit:
416 1261 518 1333 Sicut
540 1261 604 1331 tibi
621 1259 693 1349 jam
713 1256 804 1354 dixi,
831 1257 904 1328 hoc
921 1276 1018 1327 nunc
1036 1256 1213 1331 &iterum
1233 1260 1337 1352 dico,

269 1362 353 1455 quia
376 1357 594 1434 Christianus
625 1360 727 1445 sum,
759 1354 794 1428 dr
819 1352 1028 1446 Episcopus.
1089 1356 1197 1429 Tunc
1223 1362 1332 1432 iratus

269 1460 451 1534 Anulinus
472 1454 644 1532 Procons.
668 1452 766 1545 quod
790 1455 824 1526 ei
845 1474 978 1526 nomen
1000 1452 1097 1528 suum
1122 1457 1242 1530 dicere
1264 1478 1334 1529 no.

268 1559 413 1652 luisset,
440 1559 490 1631 ait
509 1559 581 1630 illi:
612 1555 735 1629 Habes
757 1551 945 1646 scripturas
970 1552 1234 1646 supervacuae?
1268 1555 1334 1630 Fe·

268 1660 323 1733 lix
339 1656 455 1749 Episc.
474 1659 584 1729 dixit:
612 1654 741 1727 Habeo
759 1651 971 1747 scripturas:
997 1653 1148 1728 sednon
1167 1654 1266 1745 sunt,
1293 1669 1338 1729 ut

272 1757 391 1830 asseris
410 1755 659 1850 supervacuae:
686 1774 771 1845 quas
794 1750 975 1844 cognosce
994 1775 1014 1824 a
1033 1775 1090 1825 me
1112 1775 1335 1845 nequaquam

274 1853 347 1928 else
369 1849 571 1932 tradendas.
620 1851 729 1925 Tunc
752 1848 932 1922 Anulinus
953 1851 1123 1925 Procons.
1146 1855 1344 1929 transmisit*

274 1973 357 2029 euru
377 1954 566 2028 Romread
585 1948 791 2046 prasetlum
809 1952 979 2042 praetorii.

350 2050 513 2143 Cumque
531 2053 633 2126 Felix
660 2050 777 2143 Episc,
801 2047 933 2123 ibidem
962 2050 1216 2125 advenisset&
1241 2054 1337 2130 idern

273 2150 449 2226 Praesecio
462 2152 606 2225 oblatus
623 2149 764 2241 fuisset,
785 2150 879 2242 jullit
898 2171 980 2224 eum
997 2152 1193 2224 incarcere
1211 2157 1336 2248 recipi,

275 2252 311 2325 dc
330 2250 525 2343 majoribus
546 2251 699 2324 vinculis
720 2251 865 2345 alligari.
917 2249 1001 2324 Post
1017 2251 1092 2323 dies
1111 2267 1229 2326 autern
1250 2255 1340 2326 duo·

275 2351 398 2436 decim,
406 2350 500 2442 juffir
518 2372 600 2424 eum
618 2349 808 2446 Praesedtus
826 2352 983 2440 pretorii
1002 2350 1082 2445 post
1096 2349 1338 2443 Imperatores

275 2452 457 2545 navigare.
508 2449 618 2523 Tunc
636 2449 738 2523 Felix
757 2447 872 2541 Episc.
895 2470 1025 2522 navem
1050 2448 1262 2524 conscendit
1285 2471 1341 2524 ca·

276 2564 440 2623 terrarum
461 2549 557 2632 duris
574 2552 727 2623 nexibus
745 2551 955 2642 colligatus,
983 2550 1016 2618 d:
1036 2548 1104 2620 suit
1120 2550 1156 2621 in
1179 2548 1340 2622 subsanio

277 2650 383 2723 navia
403 2663 559 2740 quatuor
581 2649 707 2724 diebus
726 2647 931 2736 &quatuor
952 2644 1117 2720 notlibue
1136 2648 1259 2739 jacens
1278 2647 1341 2722 sub

276 2749 429 2842 pedibus
453 2768 650 2839 equorum,
678 2768 805 2837 panem
824 2765 900 2817 non
916 2745 1131 2835 comedens,
1159 2769 1226 2819 nec
1242 2768 1341 2838 aquae

277 2847 457 2940 quidpiam
475 2848 615 2920 bibens.
648 2843 795 2937 Jejunus
812 2858 929 2916 autem
947 2845 1048 2915 venit
1062 2844 1207 2923 Nolam.
1232 2846 1342 2920 Tunc

279 2944 461 3041 Cognitor
486 2944 643 3039 ejusden:
665 2942 833 3015 Civitatis
852 2943 1058 3016 venientem
1080 2942 1235 3020 Felicem
1259 2946 1343 3040 Epi·

277 3042 426 3138 scopum
443 3045 505 3118 sibi
520 3040 720 3138 praesentari
739 3041 925 3115 constituit
943 3046 1096 3116 vinculis
1116 3046 1344 3141 gravioribus

276 3146 503 3219 innodatum.
555 3142 621 3215 Cui
640 3142 732 3216 idern
754 3141 934 3238 Cognito:
957 3141 1004 3216 fic
1024 3144 1092 3218 ait:
1129 3143 1230 3236 Felix
1254 3167 1349 3236 quo-.

278 3242 392 3316 modo
420 3246 491 3315 huc
514 3242 675 3315 venisti?
714 3240 817 3314 Felix
845 3239 962 3334 Episc.
992 3241 1102 3316 dixit:
1140 3245 1362 3341 Quomodo¹

280 3340 383 3415 Deus
403 3343 534 3417 voluit.
587 3342 765 3435 Cognitor
789 3342 902 3413 dixit:
937 3340 971 3413 Si
986 3344 1028 3414 in
1051 3359 1112 3416 tua
1133 3351 1278 3434 propria
1296 3347 1345 3416 ci-

278 3445 418 3531 vitate,
446 3442 506 3512 vel
523 3443 615 3531 apud
632 3440 880 3536 Carthaginem
895 3439 1085 3533 scripturas
1107 3439 1251 3514 deificas
1277 3458 1346 3515 tra-

281 3538 445 3616 didisses,
481 3538 525 3610 ad
552 3560 610 3611 nie
634 3541 705 3612 huc
725 3561 838 3632 usque
854 3540 997 3610 minime
1021 3539 1229 3626 advenisses.
1279 3538 1346 3614 Fe·

279 3639 331 3712 lix
355 3636 470 3732 Episc.
498 3638 612 3709 dixit:
646 3639 776 3709 Habeo
804 3636 945 3727 quidem
970 3634 1158 3732 scripturas
1181 3640 1344 3732 divinas:

280 3737 365 3818 sed.
393 3738 481 3810 srcut
505 3736 650 3808 diversis
671 3739 933 3827 inquirentibus
956 3759 1014 3808 me
1034 3735 1250 3830 respondisse
1268 3759 1347 3815 non

274 3836 419 3930 nescis,
446 3838 519 3909 hoc
533 3838 638 3908 etiam
656 3837 719 3906 tibi
740 3835 888 3927 presens
904 3839 1017 3909 modo
1034 3837 1218 3911 certislime
1239 3840 1349 3912 mani·

282 3937 401 4020 festo,
438 3940 517 4025 quia
537 3959 595 4010 eas
612 3937 715 4008 nullo
734 3936 846 4008 modo
869 3937 985 4012 trado.
1036 3936 1215 4031 cognitor
1238 3938 1348 4013 dixit:

284 4036 323 4111 Si
345 4037 532 4134 scripturas
553 4033 697 4114 deificas
718 4035 858 4214 ῑτεάεἰε
875 4040 1058 4134 nolueris,
1083 4040 1201 4133 capite
1219 4037 1354 4130 praue·

864 4156 882 4230 ς
924 4191 960 4230 ,Ι
1248 4156 1322 4206 ux.
