3200 4784
356 516 358 520 Ι
421 384 903 505 ran-Dounrrernuou
926 401 1175 489 Haerenti.
1258 423 1330 507 ιιι

261 573 455 673 negotium.
473 567 638 643 Ecclefiae
663 570 889 665 pollicemur.
940 571 1078 643 Erotio
1095 594 1205 645 mauu.
1257 574 1329 649 Re·

265 673 442 767 cognovi.
493 672 709 751 Marcellinus
729 680 787 741 uir
805 667 995 761 clurifflmur
1020 668 1179 743 ‘I‘rr'bunus
1199 674 1238 749 &⁹
1259 679 1330 747 No·

262 779 372 846 torius
393 775 496 842 dixu.-
523 770 638 844 Etiam
658 789 738 864 pars
756 773 845 865 alia,
871 771 955 862 quid
968 773 1167 846 voluntatis
1185 773 1329 865 habeat,

260 875 430 968 dignetur
450 870 604 967 edicere.

339 1013 397 1106 67.
426 1012 590 1084 Emetitur
605 1008 769 1106 Episcopus
779 1006 882 1080 dixit:
904 1004 1251 1109 'Depiofeffionibus
1264 1029 1331 1087 llo·

260 1111 341 1186 liris
357 1112 454 1182 nulla
469 1107 520 1183 est
537 1112 756 1204 ambiguitas.
808 1111 990 1204 Quantum
1007 1127 1127 1186 autem
1148 1114 1191 1185 ad
1207 1114 1332 1187 instru-

261 1212 420 1288 otonem
437 1263 456 1302 ,
487 1228 591 1298 quam
617 1206 693 1307 lieri
715 1210 847 1282 debere
866 1211 902 1281 in
919 1211 1056 1301 judicio
1078 1211 1330 1307 flagitavimus,

261 1311 423 1383 advertit
441 1308 611 1381 nobilitas
629 1318 712 1399 tua,
730 1328 800 1381 nos
812 1304 949 1399 justa&
964 1302 1329 1405 le‘gitimapostulaise.

260 1409 371 1482 Diem
394 1421 513 1480 autem
534 1407 724 1500 statutum,
758 1405 901 1480 hocest
916 1406 1051 1482 sextum
1067 1408 1191 1483 iduum
1211 1411 1331 1503 Junia·

261 1526 366 1598 rum,
391 1507 533 1580 s1Deus
553 1505 709 1600 iusserit,
736 1506 1026 1593 observabimus3
1052 1509 1102 1580 ita
1121 1525 1262 1601 tamen,
1290 1521 1342 1587 ut.

262 1609 421 1699 acceptis
446 1606 549 1702 gestis
573 1607 678 1700 nobis
703 1606 872 1700 largiatur
894 1607 1025 1697 aliquid
1050 1607 1253 1699 aequissimus
1278 1610 1332 1700 jo·

261 1710 355 1797 dex,
390 1725 464 1796 qoo
490 1704 593 1798 poffit
615 1703 684 1777 eise
708 1704 888 1780 tractatus.
933 1707 1059 1780 Erotio
1077 1729 1187 1781 manu.
1228 1705 1333 1781 Eme·

261 1807 353 1878 ritus
371 1798 567 1897 Episcopus
587 1802 803 1899 recognovi.
847 1808 1058 1876 Mororum
1076 1813 1132 1877 vir
1148 1809 1333 1901 clorisfimus
1373 1844 1376 1850 ·

268 1899 432 1978 Tribunus
452 1905 490 1979 or
510 1908 671 1976 Notarius
687 1908 793 1973 uixit:
827 1903 989 1995 Septimo
1008 1904 1331 2002 iduum'Juniarum
1370 1965 1375 1975 .

264 2005 323 2081 die
346 1999 527 2077 matutinis
554 2005 652 2075 horis
678 2003 786 2097 vobis
809 2002 903 2098 gesta
926 2005 1122 2079 tradentur.
1174 2005 1332 2098 Edicite,

262 2121 383 2176 utrum
403 2104 566 2190 allodio,
593 2101 715 2194 idest,
743 2098 845 2174 sexto
869 2102 993 2177 iduum
1012 2104 1193 2198 Juniarum
1216 2104 1331 2178 adelle

263 2199 478 2297 dignemini,
514 2217 554 2272 ut
570 2204 764 2294 principale
782 2203 966 2299 negotium
985 2218 1185 2301 peragatur.
1242 2208 1335 2275 Ema-

263 2309 398 2374 meritus
414 2302 574 2397 Episcopus
586 2308 690 2374 lixit:
718 2304 907 2376 Aderimus
922 2303 1168 2394 adjudicium,
1187 2303 1233 2391 si,
1255 2320 1334 2392 quae

264 2401 387 2475 statuit
411 2404 581 2474 nobilitas
608 2417 698 2491 tua,
734 2404 925 2474 habuerint
949 2400 1127 2476 effectum.
1190 2403 1237 2472 Et
1265 2402 1333 2472 olio

262 2525 377 2574 muno.
404 2498 580 2575 Emeritos
599 2499 798 2594 Episcopus
816 2501 1038 2594 recognovi,

340 2645 399 2720 68.
429 2639 645 2709 Marcellinus
660 2641 717 2704 vir
731 2636 916 2724 clorrffiruus
938 2629 1102 2709 iiiluuus
1120 2629 1158 2712 (s
1171 2633 1334 2739 Notarius

266 2738 372 2809 dixit:
410 2737 596 2833 Memores
624 2735 771 2826 periculi
794 2736 827 2806 bc
848 2728 1071 2828 proscssionis
1095 2741 1249 2832 propriae
1274 2760 1335 2810 ex-

266 2849 434 2928 ceptores
450 2834 648 2905 constituto
664 2833 720 2904 die
735 2837 916 2906 matutinis
929 2836 1042 2924 horis,
1054 2834 1089 2907 ld
1101 2835 1165 2927 est,
1180 2835 1332 2929 septimo

266 2935 391 3008 Iduum
410 2934 593 3026 Juniarum
615 2931 708 3027 gesta
731 2937 837 3011 edere
861 2934 1099 3024 festinabunt,
1126 2937 1176 3007 ita
1195 2950 1236 3007 ot
1253 2935 1334 3008 No·

268 3028 348 3106 tarii
373 3035 481 3127 partis
506 3034 692 3124 utriusque
716 3034 751 3103 in
775 3028 939 3105 dittando
962 3048 1037 3108 nou
1062 3026 1185 3108 desint.
1237 3033 1334 3108 Sciat

267 3149 386 3206 autem
410 3143 561 3223 utreque
586 3145 665 3223 pars
687 3122 812 3204 officio
836 3123 868 3205 se
885 3146 1021 3207 xcarere
1039 3134 1172 3207 debete
1191 3128 1235 3206 de
1253 3152 1332 3227 per·

268 3234 438 3325 ceptione
461 3232 638 3326 gestorum
660 3233 750 3304 bora
769 3233 903 3323 pariter
921 3232 1110 3333 designate.
1160 3231 1333 3307 Sacerdo-

268 3334 340 3403 tale
366 3349 458 3402 vero
483 3329 558 3421 est,
591 3344 632 3402 ut
654 3334 845 3424 amputatis
866 3335 1069 3431 ambagibus
1094 3324 1193 3407 nulle
1214 3352 1332 3407 mora·

266 3449 345 3505 rum
365 3428 617 3525 impedimenta
632 3429 831 3506 sectantum

345 3573 403 3663 69.
430 3546 564 3663 Alippius
585 3569 752 3665 Episcopus
774 3568 913 3667 Ecclefiae
932 3564 1103 3642 Corstositae
1125 3565 1236 3641 dixit:
1270 3565 1331 3644 Se·
1373 3603 1378 3615 ¹

269 3670 423 3742 cuntium
441 3680 657 3761 preceptum
675 3669 874 3743 nobilitatis
891 3685 982 3762 tua,
1008 3676 1090 3746 'cum
1111 3667 1205 3765 gesta
1222 3660 1342 3760 susce,

267 3771 444 3861 perimus,
478 3767 522 3838 de
539 3764 796 3858 subscriptione
814 3771 846 3841 ot
865 3770 909 3842 de
926 3780 1093 3862 tempore
1111 3769 1330 3863 consequen·

267 3878 325 3938 ter
343 3867 561 3941 cavebimus.
599 3861 850 3941 Erulorum.
876 3863 1117 3965 Recoguovl.-
1311 3892 1317 3899 ·

321 4048 435 4180 optari
448 4077 528 4179 Afri
548 4076 680 4165 send.
775 4102 777 4107 ·
882 4072 958 4161 ills
1020 4064 1031 4085 “
1114 4098 1171 4180 ru.
1193 4077 1281 4159 lior·

935 4452 939 4457 -
1051 4440 1147 4462 μ
