3200 4784
526 379 669 456 266
882 373 1684 480 'aMouummira
1732 375 2146 455 Vna-nna

520 535 903 630 Episcopis
969 532 1105 608 suis
1164 532 1644 630 consediss‘et,
1725 534 2156 612 adstantibus
2201 535 2680 614 Diaconibus

525 639 866 716 Aurelius
900 631 1297 728 Episcopus
1344 635 1556 706 dixit:
1637 625 2112 712 Ecclefiarum
2137 639 2280 712 Dei
2313 657 2451 730 per
2475 637 2680 714 Afri·
2719 689 2725 701 ·

524 762 680 816 carn
720 734 1267 810 constitutarum
1308 733 1750 808 neceffitates
1795 757 2073 810 mecum
2118 739 2402 830 optime
2443 741 2676 812 novit

525 839 855 918 Charitas
888 833 1159 926 vestra,
1202 832 1583 908 sanetiffimi
1604 831 1910 910 Fratres,
1987 835 2082 910 Et
2107 839 2454 928 quoniam
2491 859 2674 933 prae-

521 941 702 1017 stitit
731 937 1085 1010 Dominus
1108 987 1134 1026 ‚
1184 948 1270 1006 ut
1307 955 1397 1006 ex
1428 936 1658 1026 aliqua
1689 948 1893 1026 parte
1925 933 2134 1009 saneti
2173 951 2406 1010 coetus
2441 936 2668 1010 vestri

520 1039 698 1115 esset
726 1049 1161 1130 congregata
1182 1032 1559 1124 sententia,
1580 1033 1870 1106 videtur
1893 1037 2090 1126 mihi,
2113 1051 2196 1107 ut
2216 1038 2338 1109 has
2366 1037 2666 1112 easdem

517 1137 959 1217 neceffitates
979 1187 1003 1226 ‚
1044 1154 1215 1225 quas
1241 1154 1379 1227 pro
1402 1133 1879 1209 sollicitudine
1899 1136 2500 1231 nostraindagare
2535 1157 2668 1230 po-

520 1241 817 1325 ruimus,
852 1235 925 1307 in
945 1234 1250 1308 medium
1276 1232 1764 1326 proferamus:
1807 1256 1977 1326 quas
2016 1257 2174 1308 cum
2199 1237 2666 1328 approbave-

516 1342 615 1414 rit
651 1335 883 1410 vestra
912 1335 1318 1424 sinceritas,
1387 1335 1472 1432 sit
1498 1332 1992 1426 consequenS,
2060 1334 2470 1430 eligendum
2517 1335 2663 1410 ess'e

517 1459 739 1513 unum
764 1436 811 1508 δ
832 1432 1081 1508 nostro
1110 1453 1411 1506 numero
1438 1431 2028 1507 consacerdotem
2049 1489 2074 1528 ‚
2115 1437 2233 1526 qui
2260 1438 2662 1510 auxiliante
2733 1432 2739 1467 ³

515 1539 887 1622 Domino,
926 1533 1377 1606 orationibus
1405 1533 1699 1624 vestris,
1741 1533 1806 1605 δι
1839 1533 1964 1606 has
1996 1535 2172 1627 ipsas
2207 1534 2662 1610 neceffitates

514 1637 867 1728 suscipere
898 1631 1187 1726 poffit&
1208 1634 1539 1727 gnaviter
1574 1635 2010 1728 peragendas
2041 1635 2376 1728 implere,
2411 1656 2665 1726 perre-

518 1738 756 1812 Eturus
781 1733 863 1804 ad
892 1733 1387 1806 transmarinas
1418 1731 1639 1805 Italiae
1663 1745 1930 1826 partes,
1951 1747 2033 1806 ut
2054 1749 2194 1807 tam
2215 1731 2464 1808 sanetis
2489 1734 2548 1808 F
2551 1755 2662 1809 ra-

518 1838 751 1912 tribus
770 1833 836 1906 &
851 1830 1485 1904 consacerdotibus
1508 1831 1796 1922 nostris,
1815 1835 2209 1907 venerabili
2229 1830 2470 1906 saneto
2489 1833 2662 1908 Fra-

513 1937 610 2009 tri
644 1931 1003 2006 Anastasio
1048 1929 1224 2003 sedis
1252 1931 1698 2023 Apostolicae
1725 1929 2129 2026 Episcopo,
2178 1953 2386 2025 quam
2430 1935 2658 2008 etiam

514 2032 761 2110 ianCto
796 2029 1023 2104 Fratri
1059 2031 1388 2103 Venerio
1418 2031 1790 2108 Sacerdoti
1814 2031 2371 2106 Mediolanenfis
2397 2029 2662 2108 Eccle-

514 2137 627 2211 fiae
664 2129 1140 2206 necessitatem
1180 2127 1393 2221 ipsam
1429 2152 1512 2204 ac
1548 2133 1880 2205 dolorem
1912 2146 2126 2222 atque
2161 2134 2478 2226 inopiam
2519 2152 2658 2204 no-

514 2234 725 2310 stram
760 2233 1000 2304 valeat
1034 2230 1403 2317 intimare3
1454 2227 1587 2325 (ex
1621 2233 1727 2304 his
1765 2233 1950 2305 enim
1988 2232 2264 2304 sedibus
2305 2232 2452 2304 hoc
2497 2230 2658 2304 fue-

506 2347 631 2407 rat
647 2329 1132 2428 prohibitum)
1164 2349 1310 2420 quo
1340 2333 1690 2416 noverint
1711 2333 2070 2405 communi
2102 2331 2454 2424 periculo,
2478 2351 2656 2425 pro-

508 2433 940 2507 videndum:
1005 2431 1312 2504 maxime
1354 2433 1533 2522 quia·
1558 2446 1758 2504 tanta
1781 2433 2169 2525 indigentia
2195 2429 2654 2504 Clericorum

515 2533 618 2607 est
641 2587 665 2626 ‚
717 2533 1100 2620 multaeque
1126 2528 1457 2602 Ecclefiae
1481 2532 1581 2604 ita
1613 2529 1903 2604 desertae
1939 2529 2135 2622 sunt,
2173 2543 2256 2601 ut
2288 2550 2384 2602 ne
2418 2551 2650 2604 unum

517 2634 802 2724 quidem
837 2631 1247 2702 Diaconum
1284 2632 1404 2702 vel
1431 2632 1846 2706 illiteratum
1874 2631 2142 2704 habere
2170 2630 2649 2722 reperiantur.

512 2732 706 2824 Nam
745 2733 834 2803 de
881 2731 1155 2802 caeteris
1203 2728 1688 2822 superioribus
1738 2731 2069 2824 gradibus
2121 2730 2188 2800 δι
2233 2727 2488 2802 officiis
2539 2743 2642 2802 ta-
