3200 4784
2143 385 2178 402 l

542 415 685 488 106
1249 410 1638 510 Ovum
1683 409 1948 489 ‘Arar

534 596 794 660 vorem
844 570 1110 647 misistis
1159 576 1475 665 populos
1520 571 1897 665 imperitos
1925 628 1949 664 ‚
2017 583 2102 645 ut
2146 575 2308 665 quia
2354 575 2507 648 lota
2557 572 2664 649 est

535 678 913 765 columna,
951 676 1363 745 lavarentur
1398 674 1463 744 &
1500 692 1834 764 corpora.
1888 672 1956 744 si
1992 674 2065 745 in
2097 675 2202 747 his
2239 676 2449 747 rebus
2486 696 2664 747 con-

527 776 754 850 filium
797 777 1018 864 latet,
1070 770 1361 846 miseros
1410 771 1760 844 subtiliter
1799 771 2209 866 decepistis:
2263 774 2310 846 fi
2348 774 2501 844 talis
2543 795 2657 847 res

527 874 675 948 fine
714 874 1010 946 consilio
1048 871 1235 967 gesta
1269 870 1420 964 est,
1454 869 1838 944 manifesta
1867 870 1967 944 est
2001 872 2232 945 vestra
2263 874 2659 968 hebetudo.

530 974 711 1047 Haec
744 995 876 1044 vos
908 971 1117 1044 stulte
1148 970 1429 1065 fecisse,
1466 971 1533 1043 δι
1560 992 1599 1042 a
1625 973 1840 1044 vobis
1866 970 2127 1047 sedutti
2161 973 2658 1070 cognoscunt;

527 1093 669 1147 nec
702 1094 837 1144 vos
877 1072 995 1162 ipsi
1034 1092 1293 1167 negare
1326 1071 1685 1162 poteritis.

680 1195 748 1264 7.
800 1171 993 1269 Quid
1020 1167 1325 1245 referam
1360 1173 1573 1243 etiam
1600 1171 1790 1243 illam
1822 1169 2262 1262 impietatem
2285 1170 2384 1244 de
2419 1170 2658 1247 vestra

525 1272 1035 1362 conjuratione
1072 1273 1487 1343 venientem
1511 1323 1534 1359 ‚
1589 1271 1751 1361 quia
1797 1270 1882 1341 ad
1920 1271 2064 1342 hoc
2097 1267 2471 1342 Bafilicas'
2453 1294 2658 1347 inva-

526 1371 699 1444 dere
736 1370 1112 1462 voluistis,
1175 1386 1257 1442 ut
1301 1372 1509 1441 vobis
1546 1367 1712 1442 solis
1748 1366 2201 1442 Coemeteria
2239 1372 2652 1467 vindicetis,

520 1491 677 1545 non
722 1471 1221 1562 permittentes
1258 1469 1529 1563 sepeliri
1573 1487 1887 1560 corpora
1921 1468 2334 1555 Catholica;
2398 1485 2480 1542 ut
2509 1485 2655 1542 ter-

519 1572 737 1641 reatis
790 1573 1010 1641 vivos
1040 1622 1062 1656 ‚
1118 1573 1301 1642 male
1350 1568 1662 1639 traetatis
1724 1567 1789 1638 δι
1837 1583 2174 1640 mortuos
2212 1618 2237 1651 ‚
2293 1585 2651 1665 negantes

516 1669 891 1743 funeribus
929 1671 1195 1742 locum.
1299 1667 1370 1739 Si
1404 1670 1595 1739 inter
1625 1669 1961 1739 viventes
1992 1668 2227 1741 fuerat
2255 1681 2648 1763 certamen,

520 1769 689 1840 odia
750 1766 982 1839 vestra
1021 1769 1141 1839 vel
1184 1787 1378 1839 mors
1428 1769 1655 1839 aliena
1705 1765 2132 1858 compescat.
2247 1768 2400 1860 Jam
2452 1784 2649 1842 tacet

521 1887 681 1939 cum
724 1888 868 1957 quo
904 1869 1120 1958 paulo
1154 1882 1315 1940 ante
1350 1868 1693 1962 litigabas.
1799 1868 1995 1962 Quid
2025 1866 2313 1940 insultas
2351 1867 2584 1941 funeri
2607 1869 2646 1941 2

518 1967 685 2055 quid
729 1969 1011 2056 impetis
1064 1964 1548 2059 sepulturam?
1602 1966 1769 2059 quid
1813 1987 1972 2040 cum
2008 1969 2313 2040 mortuis
2355 1968 2581 2060 litigas
2603 1968 2648 2041 ⁴2?-

512 2065 869 2159 perdidisti
910 2067 1189 2137 malitiae
1221 2065 1546 2141 frustum.
1653 2064 1747 2137 Et
1779 2066 1826 2137 fi
1863 2085 2178 2158 corpora
2209 2086 2360 2139 non
2409 2067 2521 2137 vis
2563 2068 2641 2139 in

512 2185 731 2238 unum
771 2163 1195 2256 quiescere,
1264 2167 1526 2237 animas
1572 2179 1810 2240 tamen
1859 2167 1936 2239 in
1967 2183 2135 2239 ‘uno
2180 2164 2364 2260 apud
2398 2163 2638 2240 Deum

505 2264 813 2358 posu-as,
870 2283 1018 2337 non
1058 2266 1331 2356 poteris
1365 2264 1707 2358 separare.

562 2393 567 2398 ·
664 2374 757 2444 8.·
754 2363 1045 2438 {Omnia
1071 2364 1405 2457 denique,
1445 2385 1599 2454 quae
1627 2386 1664 2436 a
1697 2365 1911 2438 vobis
1934 2377 2311 2459 geruntur,
2350 2383 2439 2437 ex
2463 2347 2637 2436 tote

507 2464 774 2537 narrari
818 2485 967 2536 non
1003 2462 1314 2555 poss'unt.
1416 2463 1554 2536 Sed
1593 2479 1832 2537 tamen
1865 2467 2358 2537 concedantur
2390 2467 2637 2556 vobis,

506 2565 627 2655 qui
665 2566 929 2635 erroris
981 2563 1189 2655 hujus
1233 2563 1704 2657 magisterium
1756 2563 2139 2656 poffidetis.
2243 2563 2394 2657 Jarn
2440 2563 2506 2635 δι
2545 2563 2637 2635 de

506 2661 762 2735 vestris
807 2664 1007 2736 silere
1047 2664 1202 2753 quis
1252 2662 1502 2756 possit,
1575 2663 1664 2735 de
1713 2664 1850 2735 illis
1901 2662 2210 2755 scilicet,
2277 2683 2461 2753 quos
2511 2675 2636 2733 aut

506 2761 822 2835 {afflone
866 2779 994 2832 aut-
1030 2761 1414 2835 subtilitate
1534 2779 1619 2835 ut
1659 2760 1939 2835 vestros
1995 2761 2323 2839 faceretis
2383 2761 2388 2762 ⁷
2435 2760 2631 2831 [Βόη-
