3200 4784
421 434 479 495 nn
503 410 910 528 Doxaarsnsnuu
940 410 1203 516 iissrorrxg
1275 439 1377 516 κῃ.
1415 435 1418 446 ·

257 655 259 664 .
284 581 360 660 xit:
391 579 494 656 Vera
517 574 598 651 sunt
617 575 737 651 omnia
760 595 837 667 quaa
859 573 946 649 dicit
965 577 1233 667 Nundinarius,
1265 581 1348 672 quia
1420 623 1422 628 .

286 687 330 764 ab
354 680 549 755 harenariis
568 676 680 750 fastus
702 671 757 754 est
776 675 974 771 Episcopus
996 677 1191 750 Silvanus?
1228 677 1349 753 Satur-

283 786 391 856 ninus
407 779 514 852 dixit:
539 774 639 850 Vera
657 772 904 848 Nundinarius
920 775 1029 863 dixit:
1057 775 1260 868 prostibulae
1274 781 1350 852 illic

282 880 443 956 fuerunt.
486 872 716 970 ¹Zenophiius
735 875 783 946 V.
801 871 842 948 C.
861 871 1005 949 consur.
1025 873 1218 950 Saturnino
1236 879 1350 953 dixit:

283 975 475 1055 Harenarii
495 975 595 1050 illum
618 970 878 1071 gestaverunt?
911 972 1122 1048 Saturninus
1139 975 1248 1051 dixit:
1281 978 1350 1072 ipsi

261 1097 371 1153 .eum
389 1079 570 1167 tulerunt,
597 1075 631 1147 dt
648 1072 816 1166 populus.
867 1067 961 1145 Nam
982 1075 1081 1145 cives
1100 1073 1137 1146 in
1157 1092 1237 1149 area
1251 1075 1372 1149 Mar..

285 1189 407 1269 tyrurn
423 1175 571 1249 fuerunt
586 1172 720 1246 inclusi.
771 1167 1017 1244 Nundinarius
1033 1171 1223 1247 Dianonus
1240 1175 1350 1250 dixit:

287 1271 464 1367 Nunquid
491 1275 649 1367 populus
679 1266 751 1343 Dei
782 1270 834 1342 ibi
861 1267 959 1343 fuit?
999 1271 1211 1346 Saturninus
1241 1273 1354 1346 dixit:

284 1371 329 1450 In
347 1375 424 1450 casa
441 1376 577 1466 majore
592 1371 661 1446 fuit
673 1365 841 1464 inclusus.
891 1367 1114 1463 Zenophilus
1127 1369 1176 1444 V.
1188 1367 1228 1448 C.
1241 1372 1352 1450 eons.

287 1475 394 1548 dixit:
427 1472 540 1547 Certe
559 1472 679 1545 omnia
694 1487 772 1560 quae
788 1468 880 1544 dicit
890 1463 1137 1543 Nundinarids
1151 1489 1239 1543 vera
1257 1469 1351 1548 sunt.

284 1573 497 1648 Saturninus
515 1569 626 1661 dixit,
652 1567 762 1643 Vera.
814 1565 1037 1660 Zenophilus
1058 1567 1107 1645 V.
1134 1565 1176 1647 C.
1203 1569 1351 1647 Consul.

285 1674 395 1747 dixit:
419 1667 482 1744 Tu
498 1670 582 1762 quid
598 1661 714 1742 dioisi
726 1662 870 1756 ,Vidior
885 1667 991 1741 dixit:
1016 1664 1117 1742 Vera
1133 1664 1213 1742 sunt
1229 1672 1352 1745 omnia

283 1772 458 1845 Domine.
518 1766 763 1843 Nundinarius
788 1766 903 1840 dixit:
935 1764 1129 1860 Purpurius
1149 1765 1350 1863 Episcopus

285 1871 370 1942 tuiit
392 1880 538 1941 centurn
555 1866 675 1940 solies.
725 1863 949 1958 Zenophilus
967 1866 1078 1960 V.C.
1098 1865 1243 1945 Consul.
1261 1870 1352 1942 dixit

285 1964 535 2042 Nundinatio:
569 1965 627 2038 De
651 1964 917 2061 quadringentis
940 1963 1107 2057 follibus,
1134 1983 1226 2058 quos
1246 1982 1351 2060 putas
1390 2041 1392 2046 ,

285 2057 592 2160 interrogandos?
621 2062 867 2138 Nundinarius
886 2064 993 2138 dixit:
1021 2065 1201 2162 Lucianus
1215 2066 1352 2142 Diaco-

286 2181 356 2241 nus
381 2164 621 2255 exhibeatur,
656 2161 737 2254 qula
763 2161 836 2258 ipse
859 2175 979 2236 toturn
1003 2163 1076 2240 scit.
1127 2161 1349 2261 Zenophilus
1385 2231 1388 2244 ,

285 2264 338 2341 V:
358 2263 399 2340 C.
416 2261 523 2339 cons.
545 2258 773 2336 Nundinario
791 2261 901 2338 dixit:
933 2263 982 2336 Hi
1001 2261 1140 2338 sciunt?
1165 2262 1354 2340 Nundina-

287 2367 361 2437 tius
383 2364 492 2436 dixit:
526 2356 617 2435 Non
641 2357 766 2436 sciunt.
823 2359 1045 2455 Zenophiius
1067 2365 1115 2438 V.
1140 2364 1181 2436 C.
1205 2363 1351 2441 Consul.

288 2463 404 2537 dixit:
442 2459 663 2536 Exhibeatur
695 2454 888 2534 Lucianus.
954 2458 1201 2535 Nundinarius
1237 2461 1366 2535 dixit:
1403 2511 1406 2518 ·

287 2559 415 2635 Sciunt
437 2557 491 2634 isti
518 2573 689 2652 acceptos
715 2557 786 2631 eise
812 2556 1092 2653 quadringentos
1120 2555 1256 2634 solies:
1291 2551 1354 2635 sed

258 2718 261 2723 .
289 2660 372 2754 qraia
388 2655 557 2753 Episcopi
577 2677 642 2733 eos
663 2653 880 2749 diviserunt,
905 2657 1078 2732 nesciunt.
1128 2655 1352 2753 Zenophilus

288 2757 340 2836 V.
358 2756 400 2833 C.
415 2755 560 2831 Consul.
577 2754 827 2846 Nundinario,
845 2753 1023 2829 &utnon
1043 2753 1148 2829 dixit:
1174 2755 1278 2832 Scitis
1296 2780 1355 2834 ac·
1417 2757 1422 2766 '

290 2871 421 2950 ceptos
444 2855 514 2930 esse
531 2851 639 2927 solies
657 2847 855 2926 atucuiax
881 2850 1092 2928 Saturninus
1108 2857 1141 2929 dc
1157 2855 1287 2932 Vitior
1302 2859 1355 2932 di·

288 2967 446 3032 xerunt:
479 2949 628 3027 Scimus.
678 2946 901 3045 zenophirus
926 2952 974 3030 V.
1003 2953 1045 3029 C.
1069 2951 1214 3032 Consul.
1230 2955 1353 3031 dixit:

260 3047 471 3147 “Pauperes
497 3070 575 3128 non
600 3041 846 3145 acceperunt?
880 3049 1083 3130 Dixerunt:
1115 3051 1239 3130 Nerno
1265 3057 1355 3132 nihii

291 3152 444 3246 accepit.
505 3149 609 3231 Zeno
637 3152 728 3226 hiius
751 3150 799 3229 V.
827 3145 868 3228 C.
894 3151 1039 3230 Consul.
1064 3153 1286 3250 Saturnino,
1318 3157 1354 3230 dt

291 3251 435 3328 Vidtori
463 3249 575 3325 dixit:
608 3177 710 3325 diruit
735 3247 780 3323 de
800 3247 887 3326 sano
912 3251 1049 3348 Sarapis
1073 3254 1246 3328 sublatum
1274 3254 1352 3330 est?

291 3346 503 3427 Saturninus
517 3350 551 3423 dr
564 3348 695 3424 Visior
709 3347 891 3423 dixerunt:
920 3349 1114 3448 Purputius
1131 3352 1214 3425 tulit
1231 3369 1354 3445 cupas,

293 3455 330 3526 dc
345 3449 511 3524 Silvanus
526 3447 745 3544 Episcopus,
765 3449 799 3521 dt
814 3447 1002 3542 Donatus,
1014 3451 1055 3528 ¹d:
1070 3451 1238 3543 Superius
1253 3449 1356 3523 Pres-

294 3547 498 3642 byteri'‚'&
510 3549 688 3623 Lucitnus
706 3549 892 3622 Diaconus
909 3551 1070 3622 tulerunt
1083 3565 1236 3623 acetum.
1286 3546 1357 3623 Ze·'

294 3648 464 3742 nophilus
484 3643 531 3722 V.
553 3645 595 3723 C.
619 3642 764 3720 Consul.
788 3647 897 3720 dixit:
927 3643 1176 3740 Responsrone
1194 3643 1354 3720 Vitioris

283 3745 541 3839 Grammatici,
558 3745 761 3821 &Victoris
774 3745 971 3825 Samsurici,
987 3745 1211 3819 &Saturnini
1227 3748 1355 3824 claruit

296 3861 387 3920 vera
404 3845 472 3921 effe
489 3845 629 3927 omnia,
657 3865 734 3936 quae
749 3842 906 3940 suggeffit
922 3843 1189 3934 Nundinarius3
1213 3843 1357 3942 submo-

295 3960 513 4022 moveantur
530 3945 720 4019 &exeant
772 3943 995 4035 Zenophilus
1013 3943 1062 4019 V.
1082 3943 1124 4019 C.
1141 3941 1288 4040 Consul.¹
1329 3945 1336 3962 '

283 4045 371 4144 xit:
411 4048 518 4145 Quos
538 4044 629 4124 aiios
648 4059 753 4142 putat
775 4037 1078 4215 irssvtierrogandosi
1109 3946 1384 4244 Nuria&
