3200 4784
602 385 745 478 382
1112 369 1774 448 Monumnnrn
1821 339 2236 451 vra-snit

590 543 789 618 libus
835 533 1495 616 abominationibus
1543 530 2042 636 offendentem
2089 547 2238 607 tam
2291 532 2589 608 severis
2635 553 2730 610 vo·

604 644 809 715 cibus
849 637 1301 731 arguebane,
1367 633 1660 729 flagellis
1708 635 2199 726 correptionis
2245 633 2496 707 duros
2561 647 2677 728 atq

598 736 998 818 indomitos
1056 736 1332 808 animos
1376 752 1608 825 usque
1653 733 1740 805 ad
1787 734 2191 805 inimicitias
2244 732 2652 808 adversum
2693 733 2740 810 se

598 837 985 916 horribiles
1032 836 1491 907 excitabant:
1561 851 1700 904 nec
1747 847 1984 904 tamen
2031 830 2098 904 se
2149 834 2235 904 ab
2286 855 2396 906 eo
2441 838 2740 929 populo,

597 941 677 1013 in
722 956 870 1030 quo
915 935 1162 1025 utique
1205 933 1417 1004 etiam
1457 933 1638 1004 boni
1675 934 1863 1004 inter
1901 934 2128 1003 malos
2172 947 2438 1014 erant,
2499 943 2740 1028 corpo-

600 1039 733 1116 rali
772 1035 1172 1110 discrimine
1213 1032 1680 1122 dividebant,
1733 1032 1985 1104 melius
2020 1032 2449 1122 judicantes
2489 1054 2630 1127 per
2661 1056 2744 1128 pa-

530 1161 535 1166 ·
600 1138 930 1212 tientiam
957 1133 1147 1206 ferre
1179 1133 1448 1223 malos,
1484 1151 1693 1222 quam
1722 1150 1850 1225 per
1884 1133 2303 1205 calumniam
2347 1136 2744 1227 relinquere

604 1238 894 1326 bonos,
962 1232 1107 1326 ipse
1154 1231 1508 1305 Dominus
1552 1229 1750 1324 Jesus
1798 1228 2113 1302 Christus
2158 1235 2602 1326 exemplum
2651 1235 2745 1308 sm-

600 1339 848 1436 gulare
908 1333 1272 1426 patientiae
1331 1331 1752 1403 traditorem
1795 1329 2001 1403 ¹suum
2063 1332 2314 1421 utique
2394 1333 2745 1426 peffimum

600 1458 759 1516 non
802 1434 1030 1508 solum
1081 1430 1452 1525 cognitum
1499 1430 1572 1501 in
1618 1425 2122 1522 discipulorum
2156 1451 2480 1506 numero
2519 1448 2743 1526 pertu-

603 1541 691 1616 lit
721 1590 747 1627 ‚
808 1554 1063 1606 verum
1118 1533 1329 1604 etiam
1378 1530 1901 1623 praecognitum
1945 1532 2019 1602 in
2061 1529 2596 1623 discipulorum
2640 1552 2745 1607 nu-

602 1655 880 1726 merum
932 1630 1275 1705 affumfit:
1343 1628 1523 1700 dixit
1573 1630 1790 1704 etiam
1837 1627 2192 1724 discipulis
2243 1628 2435 1705 suis:
2513 1636 2618 1704 Et
2656 1658 2746 1703 vos

604 1735 828 1812 mundi
860 1733 1040 1829 estis,
1079 1730 1185 1821 fid
1222 1753 1353 1799 non
1385 1752 1630 1800 omnes.-
1686 1741 1769 1800 ut
1798 1750 1889 1801 eo
1924 1730 2148 1804 modo
2184 1723 2506 1823 scirent,
2566 1753 2746 1806 muni

606 1837 853 1911 ditiam
903 1830 1089 1904 suam
1130 1831 1358 1902 aliena
1399 1828 1842 1903 immunditia
1876 1847 2027 1902 non
2068 1828 2268 1921 poss'e
2308 1827 2746 1906 sordescere.

602 1932 1133 2027 Apostolorum
1168 1930 1616 2023 temporibus
1656 1925 1850 2000 testis
1899 1927 2000 2001 est
2037 1927 2453 2021 Apostolus
2503 1931 2745 2006 Paulus

604 2037 797 2110 inter
824 2030 1035 2104 falsos
1063 2029 1317 2102 fratres
1352 2049 1682 2123 gemme,
1722 2027 1790 2098 δι
1822 2028 2167 2120 quosdam
2208 2050 2334 2121 per
2369 2031 2750 2116 invidiam,

604 2133 808 2226 ‚quod
836 2136 1088 2220 utique
1122 2129 1553 2200 diabolicum
1582 2127 1839 2201 vitium
1873 2119 2015 2218 est,
2084 2126 2449 2202 Christum
2489 2132 2752 2204 adnun-

600 2235 873 2323 tiantes
913 2230 987 2302 in
1028 2226 1327 2322 epistola
1368 2223 1485 2297 sua
1544 2239 1852 2318 notans,
1923 2229 2540 2316 quemadmodum
2585 2229 2754 2305 boni

600 2335 836 2410 malos
880 2342 1180 2423 propter
1215 2328 1558 2399 unitatem
1598 2323 1850 2397 Christi
1895 2328 2164 2416 pietate
2212 2326 2532 2403 sollicita
2585 2351 2756 2404 con·
2825 2341 2831 2388 ³

604 2430 1025 2510 servandam
1059 2427 1202 2502 fine
1242 2427 1387 2498 ulla
1428 2425 1545 2498 sua
1586 2425 1995 2519 perditione
2023 2430 2096 2498 in
2135 2425 2755 2504 sacramentorum

606 2531 1122 2610 communione
1157 2527 1602 2615 tolerabant,
1653 2547 1692 2597 a
1717 2545 2024 2618 quorum
2065 2529 2328 2599 malitia
2367 2529 2604 2626 longe
2637 2531 2754 2604 ab·

602 2633 1028 2710 horrebant.
1146 2625 1323 2700 Post·
1364 2624 1768 2719 Apostolos
1835 2628 2047 2700 etiam
2115 2624 2463 2720 Episcopi
2525 2629 2753 2719 boni,

605 2728 1207 2823 quemad-modum
1254 2741 1555 2818 propter
1606 2725 1952 2799 unitatem
1997 2724 2248 2798 Christi
2295 2746 2458 2799 non
2515 2725 2749 2801 solum
