3200 4784
407 307 421 364 i
890 348 892 353 ·
1044 377 1051 382 .

982 406 1009 464 f.

1249 451 1338 517 va

263 569 667 698 Etdmansdorfium.
716 592 939 794 ingenium
956 599 1090 703 enim,
1104 600 1222 718 quod
1240 601 1335 716 ipsis

264 727 430 800 natura·-
452 712 615 824 elegans
653 710 696 795 oz
729 717 759 811 *a'
822 712 1121 799 inveniendum
1166 717 1336 804 acutiffi·

262 857 387 914 mum
418 826 557 928 dedit,
598 825 750 911 crebris
779 822 829 907 ad
846 823 950 910 ¹aiios
980 853 1124 938 gentes
1153 834 1335 946 peregri·

263 940 525 1042 nationibiu,
559 941 601 1025 &
621 938 717 1025 ‹vifis
738 936 794 1022 ibi
812 939 1131 1051 magnificorum
1157 970 1336 1058 operum
1376 966 1381 986 ·

266 1055 573 1167 exemplaribus
592 1057 696 1137 mire
715 1045 1001 1139 excoiuerunt.

351 1169 480 1270 Quod
495 1166 654 1281 semper
663 1164 768 1267 alias,
779 1169 902 1250 etiam
917 1165 983 1253 hic
1000 1166 1178 1276 adverti:
1194 1173 1336 1257 melio·

264 1312 414 1372 remea
427 1307 543 1394 parte
557 1284 680 1366 animi
691 1280 845 1392 suiqui
856 1284 897 1363 iu
909 1279 1335 1393 pedorerefidetma·

264 1402 465 1510 gistrum,
497 1397 713 1481 hominem
732 1417 818 1477 non
833 1392 1007 1479 habere:
1045 1396 1088 1481 dc
1104 1399 1335 1510 ingenium,

248 1559 252 1579 ·
263 1536 429 1626 partem
447 1514 571 1595 animi
584 1511 763 1608 alteram,
784 1533 877 1617 quae
894 1531 1017 1621 caput
1034 1536 1221 1624 occupat,
1241 1511 1337 1624 plus

265 1626 426 1727 valere,
444 1625 471 1709 fi
489 1622 541 1709 ab
555 1623 637 1731 hoc
652 1622 844 1737 magistro
860 1623 1115 1726 instituatur,
1129 1626 1172 1712 &
1190 1628 1336 1739 diriga-

267 1763 360 1851 tur3
394 1766 520 1853 quam
542 1738 733 1837 vieiffim,
754 1735 779 1818 fi
796 1740 979 1821 animum
997 1765 1020 1821 a
1037 1765 1181 1824 natura
1197 1768 1248 1825 ne
1282 1740 1336 1824 le·

267 1854 407 1955 dium,
433 1877 508 1962 pet
524 1854 741 1965 ingenium
757 1848 849 1933 licet
863 1847 1155 1956 feliciffimum,
1174 1768 1339 1968 iegihus

268 1994 319 2054 ac
336 1970 575 2080 praeceptis,
613 1967 821 2079 corrigere
838 1966 882 2051 ἃ
898 1963 1087 2068 fleiiere,
1116 1968 1184 2055 vel
1207 1968 1337 2061 emol-

269 2082 345 2167 lire
371 2084 614 2165 tentaveris:
650 2081 788 2163 omnia
811 2102 951 2163 autem
974 2078 1111 2191 poffe,
1139 2085 1210 2196 qui
1232 2110 1338 2169 ana·-

269 2220 364 2281 tura
393 2195 548 2279 habens
578 2191 678 2277 fieu-
698 2192 750 2277 de
780 2192 870 2278 luto
899 2194 1061 2278 meliori
1093 2195 1336 2306 praecordia,

268 2307 463 2395 discendo
482 2306 662 2393 fideliter
685 2317 791 2392 ortes
819 2328 973 2392 naturae
999 2308 1247 2397 beneficium
1272 2336 1338 2395 co

268 2423 351 2511 luit
370 2425 412 2510 δι
432 2425 604 2508 ornavit.
1278 2503 1283 2515 ,

358 2535 628 2649 Quocunque
656 2538 767 2619 enim
797 2555 839 2618 te
867 2536 1071 2637 verteris,
1105 2534 1156 2617 ad
1184 2534 1340 2648 insigne

268 2648 440 2764 aliquod
455 2654 574 2749 artis,
612 2649 731 2735 fimul
749 2649 791 2734 δι
809 2649 999 2733 humonae
1017 2650 1172 2757 pietatis
1191 2676 1340 2735 monu-

264 2761 671 2864 mentumoffendes.
699 2762 867 2845 Videbis
882 2761 1118 2871 hicpatrem
1131 2759 1338 2850 defundae
1393 2806 1399 2830 ·

271 2878 432 2987 filiolae:
473 2878 530 2959 ihi
553 2872 699 2959 fratres
727 2874 952 2985 superstites
976 2870 1092 2959 fratri
1116 2874 1338 2963 defunfio:

270 2991 402 3078 modo
418 3013 616 3100 nepotem
628 2988 858 3074 avunculo:
877 2987 1005 3074 modo
1018 2989 1339 3077 hominemvitae

270 3106 464 3191 humanae
501 3101 727 3214 magistris,
768 3102 1114 3214 Philosophorum
1152 3109 1342 3217 principi·

270 3219 376 3317 bus,
405 3219 542 3330 pofitis
567 3219 727 3317 statuis,
758 3219 1029 3327 cenotaphiis,
1059 3218 1231 3331 aliisque
1251 3246 1339 3304 mo·

253 3336 485 3419 ‚numentis
502 3357 726 3443 parentare.
764 3331 936 3417 Videbis
952 3331 1018 3417 hic
1033 3338 1225 3417 maritum
1245 3358 1341 3417 con·

269 3447 384 3562 jugi,
418 3443 589 3530 fratrem
614 3442 730 3530 fratri
756 3445 823 3530 vel
848 3445 1036 3542 dedicatis
1061 3446 1104 3533 u
1127 3448 1342 3557 cognomi·

272 3566 377 3645 natis
393 3558 564 3658 aedihus,
576 3559 832 3670 prediisque,
850 3558 916 3641 vel
933 3560 1058 3644 statua
1076 3561 1214 3670 posito,
1229 3586 1340 3644 amo

270 3678 425 3762 rem&
441 3675 670 3772 honorem,
689 3672 804 3757 nulio
820 3668 945 3771 fastu,
971 3673 1084 3756 nulle
1100 3674 1339 3778 ambitione,
1392 3727 1394 3732 ·

273 3789 348 3874 sed
375 3786 426 3873 ad
458 3786 591 3871 solum
619 3791 849 3899 genuinum
879 3810 1033 3882 noturae
1064 3784 1243 3886 sensum,
1281 3814 1341 3877 te·

272 3905 385 3989 stari:
416 3900 497 3985 illic
514 3901 726 3986 hominem
743 3896 902 3999 rursus,
921 3900 1165 3988 monitans
1183 3900 1249 3987 vel
1268 3900 1339 3994 be·

272 4011 523 4109 n'efieiorum
563 4036 764 4100 enatura
801 4011 1047 4106 collatorum
1081 4036 1339 4213 mepnorem,

445 4167 449 4176 ¹
1165 4154 1283 4239 upre·
