3200 4784
532 427 631 524 9⁶
970 391 979 403 ⁸
1243 415 1640 495 Ona-rr
1702 415 1959 495 Arar

531 603 667 657 rex
710 581 830 656 ille
871 574 1214 672 coelestis,
1268 579 1336 651 δι
1380 581 1885 673 paterfamilias
1923 581 2170 674 Deus,
2221 583 2292 656 in
2330 579 2456 659 suo
2490 603 2669 662 con-

515 684 749 755 ·vivio
804 677 1190 776 agnoscat,
1254 699 1413 751 cum
1472 677 1838 771 praesentia
1887 685 2280 756 multorum
2332 688 2664 781 gaudeat,

532 781 605 855 ἃ
638 783 727 854 de
752 781 1147 872 aliquorum
1182 777 1489 850 absentia
1527 778 2034 871 contristetur,
2075 781 2140 853 &
2175 787 2442 857 multos
2476 787 2669 859 dicat

510 895 897 968 ·vocator›,
952 877 1019 950 δι
1058 896 1327 970 paucos
1372 875 1688 966 ele&os;
1743 879 1920 952 nihil
1952 882 2133 970 erit,
2189 885 2384 973 quod
2423 885 2670 958 irasca-

511 993 654 1054 'tur
706 976 975 1051 vestem
1037 976 1425 1068 nuptialem
1470 997 1622 1048 non
1670 978 2004 1062 habenti,
2073 1000 2230 1054 cum
2283 980 2474 1057 filius
2529 986 2672 1060 Dei

530 1078 681 1174 ipse
730 1074 1045 1151 Christus
1093 1075 1175 1147 lit
1226 1072 1565 1165 sponsus:
1638 1075 1704 1147 &
1751 1077 1964 1150 vestis
2018 1079 2084 1151 &
2127 1097 2367 1154 tunica
2413 1097 2668 1157 natans

530 1182 609 1254 in
650 1199 872 1270 aqua,
926 1193 1082 1267 quae
1124 1177 1393 1246 multos
1442 1173 1746 1268 vestiat,
1818 1177 1885 1246 δι
1929 1176 2251 1252 infinitos
2307 1182 2669 1275 expestet‚

512 1292 669 1373 ‘nec
699 1273 1075 1350 vestiendo
1115 1271 1424 1350 deficiat.
1526 1273 1665 1346 Sed
1703 1295 1798 1348 ne
1833 1280 1988 1367 quis
2025 1278 2260 1367 dicat,
2317 1296 2585 1353 temere
2627 1306 2668 1356 a

528 1370 647 1456 ine
686 1375 908 1450 filiurn
950 1373 1093 1450 Dei
1136 1375 1408 1448 vestem
1455 1372 1595 1446 ess'e
1635 1373 1935 1466 dmum,
2005 1378 2196 1474 legat
2228 1380 2666 1472 Apostolum

510 1479 943 1553 dicentem:
1021 1479 1351 1570 Quotquot
1405 1482 1477 1543 in
1528 1482 1776 1544 nomine
1835 1476 2068 1571 Clm'fli
2117 1479 2438 1574 hilm-zati
2492 1483 2666 1577 efizs,

534 1580 855 1674 Christum
896 1573 1211 1670 induistis.
1327 1572 1399 1645 O
1438 1573 1682 1645 tunica
1723 1573 1994 1667 semper
2037 1598 2178 1648 una
2231 1578 2299 1650 δι
2339 1581 2664 1652 immuta-

528 1679 731 1770 bilis,
778 1695 938 1768 quae
974 1674 1318 1746 decenter
1358 1669 1660 1762 vestiat,
1713 1672 1780 1744 δι
1821 1695 2074 1748 omnes
2117 1693 2362 1751 aetates
2413 1679 2474 1751 ἃ
2513 1681 2662 1751 for-

526 1799 676 1854 mas
708 1831 732 1868 ‚
795 1796 935 1848 nec
986 1776 1057 1846 in
1100 1771 1491 1849 inflantibus
1536 1787 1878 1866 rugatur,
1949 1797 2084 1847 nec
2143 1779 2210 1848 in
2266 1779 2660 1868 juven-'bus

525 1878 901 1968 tenditur,
966 1893 1107 1946 nec
1152 1873 1225 1944 in
1278 1871 1583 1944 foeminis
1638 1873 2074 1948 immutatur.
2187 1874 2442 1949 Aderit
2495 1899 2662 1966 pro-

526 1976 725 2054 fecto
756 1979 873 2048 ille
902 1973 1093 2061 dies,
1144 1985 1225 2043 ut
1262 1968 1576 2042 coelestes
1604 1972 1874 2063 nuptiae
1907 1976 2251 2066 incipiant
2282 1979 2654 2054 celebrari.

525 2077 685 2152 Illic
706 2078 832 2167 qui
856 2069 1196 2166 baptisma
1226 2069 1575 2166 fingulare
1600 2069 2078 2165 servaverint,
2110 2074 2328 2147 securi
2359 2076 2654 2151 discum·

524 2181 729 2251 bent.
830 2172 1019 2245 Nam
1053 2171 1461 2263 quicunque
1488 2190 1526 2239 a
1556 2171 1772 2242 vobis
1805 2169 1871 2243 se
1899 2176 2320 2265 rebaptizari
2350 2175 2651 2248 eonsen-

507 2275 693 2355 ‚serit
724 2327 749 2364 ‚
818 2269 1219 2362 huiusmodi
1264 2269 1537 2342 homini
1576 2289 1730 2341 non
1769 2270 2161 2366 denegatur
2203 2273 2651 2356 resurreetio,

523 2376 691 2468 'quia
718 2371 1020 2446 credidit
1044 2369 1119 2443 in
1144 2367 1659 2442 resurrefflone
1689 2372 1954 2442 carnis:
1992 2371 2310 2467 resurget
2341 2376 2654 2466 quidem,

524 2473 937 2550 sed-nudus.
1040 2467 1179 2542 Sed
1218 2470 1381 2558 quia
1422 2470 1717 2559 nuptiali
1757 2469 1956 2542 veste
1993 2493 2030 2542 a
2067 2475 2278 2544 vobis
2316 2473 2386 2544 se
2428 2494 2652 2564 expo-

521 2575 679 2663 liari
711 2567 1051 2668 peraruit,
1083 2568 1267 2642 hanc
1306 2566 1822 2660 patrisfamilias
1849 2571 2213 2642 auditurus
2237 2571 2337 2643 est
2359 2592 2653 2664 vocem,

521 2679 771 2753 Amice,
820 2670 969 2744 hoc
1005 2666 1109 2743 est
1144 2668 1417 2742 dicere:
1476 2671 1771 2761 Cognosce
1797 2688 1898 2756 τις
1935 2671 2274 2767 alequando
2306 2677 2652 2740 renuncia-

654 2815 670 2836 :
708 2814 712 2815 ν
758 2779 838 2831 ιί
889 2807 914 2831 ,
962 2811 970 2827 ι
1027 2840 1038 2843 ,
1082 2795 1126 2835 υ
1182 2771 1262 2839 ad
1290 2795 1378 2839 me
1406 2791 1635 2836 caneret
1663 2795 1735 2835 us
1767 2840 1770 2841 ⁷
1807 2795 1983 2839 :aceras
2084 2791 2139 2835 ’Β
2191 2771 2495 2839 dederat
2525 2771 2647 2844 nivi
