3200 4784
338 438 451 499 oe
474 418 906 509 θοιιιτιιτιιιιιιιι
911 416 1174 499 Ηιιτοιιιι.
1206 404 1212 415 ’
1243 444 1319 534 43!

242 587 326 660 ὶάιιιι
343 584 447 658 dixit.-
478 584 654 657 Mandevi
680 583 712 656 dc
737 581 944 676 subscripsi,
973 583 1211 658 adversarium
1238 607 1316 721 non

242 689 380 763 habeo,

326 790 403 872 164.
434 784 643 855 marcelinus
662 785 719 851 vir
741 776 863 872 clariss
865 808 930 852 mm
960 781 1048 856 'Trib
1039 809 1121 852 nus
1148 783 1187 857 (5
1201 786 1342 885 ἰΝιιιιι

242 890 314 958 rius
334 886 436 953 dixit-c
467 886 650 998 Quoniam
669 884 815 977 longum
840 882 964 954 estne
988 904 1049 973 per
1071 884 1248 973 singulos
1277 850 1342 959 hl

244 986 396 1075 decem,
424 986 483 1074 qui
507 981 540 1055 se
562 979 738 1056 mendalle
761 981 904 1081 profeffi
926 982 1026 1072 sunt,
1054 982 1136 1055 adin
1155 987 1313 1076 edicant,

244 1103 366 1157 utrum
396 1103 531 1156 coram
545 1083 624 1175 ipsis
655 1084 813 1154 omnium
839 1081 881 1154 fit
905 1081 996 1156 facie
1020 1081 1255 1176 subl'cri.ptio,·
1279 1086 1314 1157 dc

243 1186 458 1278 prebeant
449 1204 486 1255 ιιι
508 1204 581 1291 ee,
598 1202 675 1272 qiae
695 1179 774 1253 sunt
791 1181 907 1275 gesta,
935 1183 1042 1254 conl
1026 1198 1155 1255 mum

324 1288 405 1371 165.
425 1272 657 1354 Petilianlsli
664 1281 724 1361 isc·
721 1285 898 1372 pusdixit:
911 1284 1050 1377 Magno
1063 1284 1203 1371 quidem
1216 1301 1314 1354 com

246 1383 383 1478 pendio
408 1378 521 1453 utitur
539 1377 803 1473 magnificentia
826 1394 908 1471 tue,
938 1384 994 1452 vir
1016 1383 1167 1470 nobilis,
1196 1400 1234 1451 ut
1255 1383 1314 1453 de

245 1498 324 1555 cem
349 1495 467 1571 patres
493 1482 714 1573 collegaeque
738 1477 872 1571 nostri,
900 1482 958 1569 qni
979 1482 1052 1570 -jem
1078 1484 1112 1552 se
1134 1478 1314 1554 mandalia

245 1578 548 1670 subscripuffeque
573 1577 738 1671 profeffi
733 1577 847 1667 ·‚sunt
883 1582 987 1652 etiam
1013 1593 1166 1661 ceteros
1193 1597 1313 1672 patrue

244 1677 452 1773 suscripsille
467 1678 651 1750 testentur.
706 1675 879 1767 Equidem
898 1680 972 1750 hoc
994 1681 1047 1761 ad,
1061 1701 1137 1751 eam
1158 1700 1231 1750 rem
1252 1680 1314 1753 iel

244 1778 399 1856 maxime
414 1775 577 1872 prolicit,
596 1797 642 1849 ne
657 1791 798 1868 tempus
814 1776 964 1868 hujusce
976 1778 1046 1848 diei
1064 1775 1212 1850 ulterius
1230 1800 1313 1867 pro·

248 1880 410 1953 ducetur.
469 1878 539 1950 Sed
562 1895 679 1949 tamen
699 1876 772 1947 hoc
794 1878 940 1966 expedit
959 1875 1094 1963 causae
1129 1896 1169 1949 ut
1189 1878 1313 1974 singuli

245 1982 379 2070 quique
391 1973 656 2050 sedcmandall‘e
668 1975 700 2047 o
714 1973 941 2068 subscripfille
958 1975 1209 2067 profiteantur,
1230 1999 1315 2069 pro·

246 2094 372 2172 pterea
396 2092 437 2149 ut
464 2077 569 2148 etiam
596 2072 682 2147 illud
708 2096 784 2147 non
808 2092 973 2163 taceant,
1008 2074 1042 2149 se
1067 2080 1211 2148 emulos
1236 2099 1313 2151 non

246 2177 392 2250 habere.
444 2160 600 2249 Luc'rum
620 2176 713 2249 enim
736 2173 878 2247 videtur
895 2177 947 2249 his
966 2176 1119 2263 cedere,
1147 2179 1204 2264 qni
1225 2180 1313 2248 mul

247 2289 308 2348 tos
328 2273 362 2347 se
379 2275 564 2349 adversum
581 2272 724 2348 nostros
741 2275 871 2347 hebere
892 2297 955 2370 per
974 2278 1066 2348 hanc
1085 2297 1180 2367 prov
1184 2278 1313 2350 inciam

248 2375 504 2467 ostenderunt,
537 2375 617 2448 s1in
643 2375 841 2467 provincia
854 2374 1022 2448 Numidia
1047 2396 1122 2447 non
1150 2386 1184 2443 ol
1188 2375 1311 2444 lenda

247 2496 347 2566 mus,
374 2495 440 2546 eos
457 2475 599 2571 penitus
617 2494 692 2551 non
712 2472 867 2563 habere
889 2490 950 2545 aut
965 2474 1097 2544 hebete
1114 2487 1231 2555 certe
1255 2470 1314 2544 led

247 2577 334 2647 ratis
350 2575 454 2649 locis.
506 2565 632 2644 Omnis
651 2573 745 2643 enim
764 2571 922 2642 intentio
938 2569 1077 2657 nostra,
1099 2575 1154 2640 vir
1169 2573 1316 2665 nobilis,

247 2673 339 2748 sicut
362 2669 558 2745 meminisse
581 2670 757 2762 dignaris,
792 2669 838 2738 de
861 2689 1011 2741 numero
1036 2670 1209 2758 saepilfime
1232 2693 1317 2742 cau

212 2772 322 2845 iata
345 2768 419 2859 est,
446 2758 754 2859 etquelneoddm
772 2767 1215 2844 vehementiffimehaeret
1266 2769 1320 2866 lit⁴

249 2887 460 2962 quamquam
480 2867 585 2939 nobis
601 2866 864 2939 multitudinem
883 2888 951 2958 pax
969 2871 1102 2940 nutriat
1120 2868 1154 2940 dc
1173 2866 1315 2942 conset·

250 2983 338 3060 vet,
364 2969 433 3038 illis
448 2966 710 3040 multitudinem
725 2966 819 3038 bella
834 2970 1067 3058 conquirant,
1094 2969 1176 3040 dum
1193 2969 1314 3044 abien·

247 3070 344 3141 tibus
364 3067 496 3157 nobis,
522 3078 583 3137 aut
603 3067 639 3136 in
664 3065 776 3156 locis,
804 3079 864 3137 aut
888 3070 922 3139 in
945 3068 1150 3139 civitatibus
1167 3068 1313 3161 nostris,

248 3182 310 3241 cut
330 3187 367 3238 m
385 3164 591 3238 dioecesibus
610 3162 727 3257 peffim
746 3167 902 3237 multas
893 3188 993 3261 imag
998 3189 1061 3240 nec
1084 3169 1247 3263 erigunt,
1271 3184 1315 3245 ut
1386 3214 1391 3223 ·

230 3267 426 3349 ,numerosi
440 3260 509 3339 elle
527 3265 734 3337 videantur·
762 3280 880 3337 tamen
898 3266 930 3338 dc
946 3267 968 3340 st
986 3287 1048 3359 pat
1051 3264 1105 3339 sit
1125 3269 1313 3355 utriusque

248 3365 473 3438 adversitatis
491 3383 683 3453 numerus,
710 3367 824 3455 major
842 3387 942 3437 meus
964 3365 1073 3438 debet
1088 3367 1225 3455 videri,
1252 3368 1315 3456 qul

249 3465 286 3539 ἃ
305 3486 363 3538 me
380 3461 525 3537 absente
546 3462 781 3556 perstitit‚&
804 3486 883 3537 cum
903 3463 977 3556 ipse
993 3465 1033 3537 fit
1052 3466 1238 3535 cardinalis
1264 3482 1316 3538 et·

249 3583 322 3654 que
346 3565 600 3640 authenticus
629 3580 698 3634 nec
720 3564 948 3635 emulatione
967 3565 1155 3663 multiplici
1179 3563 1319 3654 supere·

248 3676 321 3744 tur
360 3665 407 3736 Ει
421 3665 487 3734 alia
504 3684 611 3739 manu.
644 3660 837 3733 Petilianus
859 3660 1056 3754 Episcopus
1074 3665 1290 3753 recognovi

328 3762 650 3836 mollimentum
673 3766 729 3830 vir
749 3756 938 3850 clariffimus
962 3758 1042 3833 Trlb
1026 3765 1128 3831 bunut
1150 3763 1187 3837 Θ
1212 3769 1316 3835 Nom

251 3866 324 3936 ries
339 3867 443 3934 dixicc
470 3860 658 3934 Desiderio
675 3859 797 3931 vestro
812 3856 1014 3933 satisfacere
1029 3860 1158 3933 volni
1149 3880 1183 3937 m
1200 3866 1317 3935 omni·
1374 3879 1383 3891 ·

226 3961 321 4035 buc
345 3962 604 4053 inquirendis.
626 3959 803 4033 Ceterum
818 3959 984 4051 constet,
1010 3962 1141 4037 nulum
1163 3960 1248 4036 mihi
1269 3959 1315 4039 de

253 4071 420 4145 numero
425 4062 675 4157 cognitionem
691 4050 794 4135 luille
811 4058 1027 4143 mandacem

305 4158 515 4257 OpteiiAfri
534 4156 725 4238 Tomi.
872 4152 940 4237 Ee
1007 4204 1017 4213 -
1116 4160 1288 4252 tuph·
1385 4244 1395 4265 x

606 4458 667 4468 ᾤ
