3200 4784
299 531 302 544 Ι
346 379 901 512 ¹ssnDubius-tornitrua
923 411 1188 544 liternum
1230 415 1372 524 '287'

261 579 339 676 rito
356 595 466 688 nieo',
493 611 601 687 quarn
616 591 825 688 dignatione
839 585 1042 680 censentis,
1068 569 1337 664 communicavi

236 718 349 775 ‘cum
378 695 517 792 judice·
534 691 704 767 librandae
735 689 1004 784 disceptationis
1030 689 1203 764 laborem.
1265 691 1338 763 Sed

267 801 345 875 hoe
365 816 534 890 quoque,
557 792 656 884 quod
676 811 734 864 me
751 789 873 862 facere
891 786 1082 888 voluistis,
1107 790 1338 882 peculiariter

267 901 439 973 adhibere
461 913 539 968 non
560 893 686 988 piguit.
737 887 1044 986 Quandoquidem
1067 887 1154 962 mihi
1176 910 1252 966 non
1271 890 1338 968 rni-

267 1019 341 1072 nor
357 1000 395 1070 in
416 994 540 1068 eadem
559 1012 599 1065 re
616 988 835 1082 voluptas&
850 988 965 1084 gloria
983 986 1053 1076 est,
1078 983 1221 1064 solville
1236 1011 1338 1067 nunc

266 1095 452 1171 Fratribus
464 1107 610 1184 votum,
623 1111 727 1183 quam
744 1088 928 1184 cognitori
944 1102 1033 1162 tunc
1046 1087 1231 1184 praebuiile
1247 1112 1337 1166 con·

266 1197 391 1271 filium.
444 1189 628 1290 Quidquid
649 1189 757 1284 igitur
775 1187 892 1260 laxius
909 1188 1104 1279 apartibus
1122 1203 1335 1282 peroratum

268 1291 566 1387 eli,&quidquid
576 1287 804 1362 interfatibus
812 1285 1005 1379 iudicantis
1017 1289 1213 1379 utrobique
1225 1290 1338 1388 sigoa-

269 1412 347 1468 tum
364 1392 416 1494 est
427 1447 441 1488 ,
454 1445 459 1452 -
472 1389 593 1464 sedula
607 1390 838 1464 breviatione
854 1379 1035 1479 succinxi,
1071 1387 1338 1486 consequenter

269 1493 414 1590 affigens
437 1491 546 1565 etiam
571 1508 637 1582 per
661 1483 827 1561 dedinent
855 1499 962 1560 notas
995 1487 1253 1588 calculantibus
1285 1490 1338 1563 ia·

267 1595 444 1685 miliaton,
470 1605 513 1661 ut
533 1589 747 1680 inquirentis
765 1586 923 1660 intentio
944 1586 1100 1674 indicem
1115 1585 1239 1662 secuta
1255 1587 1340 1664 bre·
1401 1679 1404 1683 Α

268 1698 453 1783 vitatem,
486 1688 584 1763 adid
605 1686 704 1780 quod
724 1685 995 1780 deprehendere
1018 1688 1110 1764 velit
1136 1690 1175 1762 in
1199 1690 1339 1788 paginis
1378 1753 1383 1760 ,

271 1792 434 1877 adilonis,
451 1809 529 1884 non
545 1790 679 1878 absque
696 1785 956 1860 commoditate
970 1787 1198 1882 compendii,
1213 1795 1340 1867 nume·¹

270 1895 320 1963 ris
342 1890 492 1962 ducibus
518 1886 649 1960 direiia
668 1887 871 1978 perveniat
919 1884 1032 1976 Abust
1057 1887 1241 1965 videamur
1262 1888 1339 1965 for·

271 1989 362 2064 taffis
389 1989 499 2081 otio,
537 1986 621 2060 durn
647 1985 691 2058 ad
715 1985 878 2059 laborem
903 1981 1079 2080 superfiua
1105 2007 1337 2067 revocamus.

271 2088 385 2189 Quod
399 2107 475 2162 nos.
487 2107 576 2160 vere
594 2080 771 2180 superflue
785 2083 907 2162 fecille
924 2085 1135 2175 fateremur,
1161 2089 1238 2164 stin
1256 2104 1340 2165 tota

269 2189 498 2264 voluminum
520 2183 610 2258 serie
631 2185 849 2282 perlegenda
873 2186 1007 2262 habiles
1026 2183 1097 2262 elle
1113 2191 1253 2263 vellent
1270 2189 1340 2263 ho·

270 2292 384 2365 mines
402 2286 446 2359 ad
461 2283 635 2386 laborem.
686 2286 757 2361 Sed
778 2286 1005 2384 periniquum
1024 2285 1075 2361 est
1092 2309 1158 2364 eos
1176 2291 1222 2363 de
1240 2287 1340 2362 istius

270 2387 461 2483 diligentiae
478 2386 583 2459 velut
596 2383 746 2478 quadarn
764 2385 938 2460 inanitate
956 2384 1108 2467 causari,
1133 2409 1153 2460 a
1169 2387 1340 2481 quibusli
1393 2413 1397 2438 ·

268 2490 307 2561 in
336 2488 560 2584 perlegendis
588 2486 723 2585 jugiter
748 2487 884 2581 paginis
912 2483 1161 2580 disputationis
1187 2488 1341 2581 hujusce

267 2606 346 2662 non
369 2587 485 2661 inanis
512 2585 695 2682 diligentia
719 2581 922 2683 flagitetur,
961 2605 1039 2660 earn
1063 2606 1141 2661 non
1166 2585 1237 2660 elle
1262 2587 1341 2660 dili·

269 2687 446 2783 gentiam,
465 2686 530 2760 sed
556 2683 753 2762 molestiam
780 2682 1014 2761 confitentur.
1064 2683 1195 2781 Unde,
1228 2705 1341 2780 quan·

269 2797 347 2858 tum
372 2806 443 2883 ego
469 2787 650 2880 arbitror,
684 2805 760 2859 non
786 2805 886 2878 opus·
905 2785 1212 2861 irritunlufinus
1226 2837 1240 2882 ,
1276 2786 1341 2877 qui

269 2882 407 2957 fastldia
421 2884 584 2959 lectionis
597 2885 757 2986 remedio
771 2886 960 2960 brevitatis
976 2884 1198 2962 exclusimus.
1249 2884 1341 2964 ¹Cer-

269 2995 329 3075 te‚
362 2982 458 3056 srex
480 2985 586 3082 ipsrua
613 2985 839 3079 operationis
864 2998 972 3077 atque
995 2985 1160 3061 utilitatis
1184 2981 1339 3078 effetiu,

269 3080 471 3159 absolutum
493 3083 661 3160 ellenon
683 3086 849 3180 poterit,
882 3084 981 3176 qood
1006 3104 1121 3162 vanus
1145 3086 1250 3160 labor
1272 3083 1343 3160 iste

268 3203 346 3255 non
362 3179 490 3259 fuerit:
515 3184 654 3258 idcirco
668 3196 877 3260 tamennon
891 3184 1055 3277 ineptum
1071 3181 1143 3276 est,
1168 3184 1342 3280 quidquid

267 3281 329 3355 hic
349 3281 425 3375 egi,
451 3285 534 3374 quia
554 3283 593 3359 in
607 3285 683 3360 hoc
705 3285 814 3357 vobis
831 3286 1042 3378 jubentibus
1061 3285 1173 3377 parui.
1224 3284 1341 3359 Nunc

269 3382 474 3473 oraverim,
502 3385 599 3459 utin
616 3384 891 3459 viciffitudinem
915 3384 1034 3460 meriti
1056 3403 1126 3477 pro
1148 3401 1207 3459 me
1233 3402 1342 3459 orare
1367 3387 1379 3408 '

269 3480 478 3577 dignemini.
527 3480 581 3556 lta
597 3503 674 3558 oon
688 3479 767 3576 fiet,
783 3495 827 3555 ut
846 3484 944 3575 quod
959 3482 1088 3575 sponte
1102 3481 1235 3575 facitis,
1253 3481 1343 3557 mihi

269 3592 392 3654 tamen
410 3581 565 3655 cedatin
580 3584 922 3658 remunerationem.
967 3578 1246 3675 omnipotentia
1257 3577 1343 3654 Tri·

269 3680 371 3773 tritis,
383 3679 495 3772 idest,
506 3682 811 3780 emnipentiaDei
824 3681 951 3776 nostri,
965 3682 1175 3756 charitatem
1186 3679 1343 3758 vestram
1397 3771 1399 3776 ¹

264 3777 398 3873 jugiter
420 3780 533 3854 nostri
558 3795 960 3876 memorem-perpetua
984 3786 1120 3875 pietate
1148 3779 1342 3874 custodiar,

267 3875 419 3953 Domini
433 3883 564 3955 merito
581 3875 800 3978 dilediffimi,
818 3882 905 3966 buin
918 3877 1047 3960 Christi
1060 3883 1211 3962 nominc
1226 3901 1343 3956 vene·

265 3977 396 4057 rabilcs
416 3977 574 4068 Fratres.
768 4053 775 4062 .
813 4069 815 4074 ¹

526 4081 674 4182 Explicit
698 4077 823 4182 opificia
845 4079 1077 4180 capitularum.
1131 4175 1281 4257 Nom
