3200 4784
504 413 654 480 Lvt

544 643 556 650 .
684 565 1155 652 Servestum
1222 562 1411 648 inde
1488 564 1834 651 tendens
1914 593 2140 652 novo
2203 565 2394 653 usus
2467 565 2650 654 sum

512 680 907 792 Principis
948 676 1473 764 Deflavienfis
1516 681 1964 780 beneficiO,
2025 710 2192 764 non
2227 682 2422 766 mihi
2465 710 2649 793 pro-

512 799 701 910 prio
736 793 1118 906 quidem,
1152 797 1608 904 privoque,
1645 795 1776 880 sed
1811 797 2208 879 omnibus
2231 857 2254 897 ,
2302 800 2656 908 quicun-

516 935 683 1021 que
728 909 923 992 illuc
966 912 1127 992 iter
1170 908 1597 992 instituunt
1629 969 1652 1009 ,
1713 915 2164 997 communi.
2297 909 2649 995 Pontem

518 1026 741 1106 enim
785 1019 969 1104 fecit
1019 1026 1105 1106 in
1137 1019 1333 1106 Albi
1384 1020 1780 1123 flumine,
1847 1023 2226 1136 ligneum
2281 1024 2651 1137 quidem,

516 1133 651 1220 sed
704 1135 1217 1245 perpolitum
1273 1161 1484 1246 opus
1534 1137 1620 1221 &
1672 1133 1970 1221 affabre
2019 1137 2430 1238 dolatum,
2496 1165 2654 1223 nec

490 1252 797 1346 'minus
832 1247 977 1340 suo
1014 1249 1260 1360 scopo
1298 1275 1626 1362 aptum,
1681 1277 1931 1368 atque
1971 1278 2378 1368 aquarum
2409 1252 2649 1338 insul-

518 1362 741 1450 tibus
786 1363 1187 1449 resistens.-

692 1500 1045 1586 Servesti
1080 1526 1231 1581 nec
1264 1496 1404 1581 diu
1436 1521 1806 1583 moratus
1841 1498 2012 1584 sum
2037 1559 2058 1600 ‚
2101 1527 2250 1584 nec
2276 1501 2656 1610 tempore
2696 1530 2710 1540 ‘

518 1610 1132 1700 salutationibus
1164 1612 1490 1696 idoneo,
1607 1611 1958 1698 Lubens
1996 1611 2466 1714 salutaffem,
2505 1618 2656 1726 qui

517 1725 822 1810 bellam
906 1725 1119 1810 iliam
1154 1785 1178 1828 ,
1278 1753 1530 1840 quam
1600 1715 1964 1840 legendo
2037 1727 2658 1842 relegendoque

518 1843 729 1928 mire
762 1839 1209 1924 delefiimtus
1256 1839 1471 1937 sum,
1532 1837 1719 1925 luiit
1751 1837 2159 1927 fabulam:
2231 1843 2654 1926 Rodericus

526 1949 1125 2066 Paterfhmiliaes÷
1164 1977 1412 2064 atque
1444 1979 1738 2062 praeter
1771 1955 1944 2040 haec
1975 1955 2170 2039 dom
2183 1958 2438 2040 esticae
2473 1959 2663 2038 vitae

523 2065 862 2180 gaudia,
924 2067 1070 2150 alia
1121 2087 1467 2178 quoque
1514 2068 1976 2180 descripsit,
2033 2096 2074 2151 a
2115 2071 2301 2159 Deo
2338 2069 2658 2153 homini

520 2180 875 2265 indulta:
958 2181 1509 2266 Sintenifium.
1628 2185 1998 2266 Tantum
2052 2188 2382 2267 interim
2433 2209 2662 2267 vaea-

523 2297 686 2394 vit,
763 2315 859 2378 ut
900 2295 1276 2380 audirem
1323 2293 1678 2383 lamenta
1725 2299 2035 2382 civium
2085 2296 2234 2386 suo
2281 2297 2664 2408 Principe

520 2405 703 2496 fere
738 2409 966 2494 orbae
1010 2412 1383 2495 civitatis·
1765 2441 1772 2460 ·
1819 2451 1824 2456 ·

692 2547 772 2631 A
810 2543 1190 2628 Servesto
1226 2541 1922 2657 Magdeburgum
1955 2543 2344 2628 euntibus
2382 2541 2498 2627 ad'
2533 2541 2666 2626 lae-

523 2685 715 2742 vam
766 2655 1007 2744 situm
1059 2659 1173 2744 est
1206 2655 1895 2744 Halberstadium.
1973 2661 2312 2744 Memor
2365 2656 2665 2742 benefi-

614 2807 715 2843 12,
778 2807 881 2843 n·
955 2807 990 2843 Ι
1110 2803 1138 2823 '¹'
1192 2807 1246 2843 «ss
1338 2807 1366 2843 Ι
1442 2835 1501 2843 ..
1607 2827 1610 2831 ·
1695 2807 1723 2843 1
1787 2811 1975 2843 .Ἰ”ΙΙ
2151 2811 2171 2843 Ι
2290 2807 2371 2843 Ι’
2443 2827 2459 2843 .-
