3200 4784
440 382 499 436 na
523 344 921 462 Donacrsranu'm
944 360 1197 471 Hrsroarar
1277 373 1351 469 583

200 526 234 595 m
280 518 514 596 Cecilianum
532 544 551 596 a
569 512 689 596 inultis
702 521 889 616 Episcopis
905 522 1005 595 suilla
1023 525 1237 597 damnatum.
1263 521 1352 599 Hoc

200 625 232 697 ir:
281 624 372 713 illud
389 621 603 698 Concilium.
642 626 753 720 Quia
752 624 931 696 Catholici
949 624 1191 696 recitaverant
1204 624 1352 697 relatio·

200 725 232 797 dr
279 743 350 797 nes
368 720 810 811 AnuliniProconsulis‚
818 725 943 813 quibus
968 736 1177 815 appareret,
1206 722 1348 798 chartas

200 848 229 895 :r
279 823 470 896 criminum
484 820 660 895 Caecrlranr
674 821 912 896 Constantino
925 821 1135 913 Imperatori
1149 819 1218 895 elle
1234 835 1347 895 trans

208 919 414 1011 missas,
443 923 542 1012 quod
565 925 688 1012 utique
712 935 858 1018 agentes
883 919 1209 1011 confirmaverunt,
1237 942 1344 996 ama·

273 1021 429 1113 joribus
433 1017 500 1093 suis
513 1019 737 1094 Caecilianum
752 1021 845 1111 apud
855 1019 1113 1113 Imperatorem
1130 1019 1342 1097 accusatum.

274 1117 502 1212 Responsum
516 1119 568 1192 est
582 1135 700 1192 autem
716 1120 956 1214 aCatholicis‚
967 1121 1053 1192 rllud
1067 1121 1344 1214 Carthaginense

200 1248 230 1298 t:
275 1216 485 1293 Concilium
517 1219 563 1292 src
596 1240 673 1291 non
708 1220 938 1312 prejudicare
970 1221 1103 1291 absenti
1135 1218 1375 1313 Ceciliano„

213 1328 226 1396 .·'.
275 1318 576 1408 quemadmodum
597 1333 688 1392 'non
722 1319 968 1412 prejudicavit
1001 1316 1135 1393 absenti
1159 1317 1340 1392 Primiano

200 1427 230 1499 ὲ
274 1415 481 1491 Concilium
491 1422 645 1509 eorum,
672 1421 836 1510 aquibus
855 1419 891 1491 in
904 1419 1115 1490 Maximiani
1130 1416 1233 1491 causa
1247 1418 1341 1492 dam·

200 1546 218 1599 :,
272 1531 381 1591 natus
401 1517 471 1607 est,
506 1519 675 1607 quonlam
692 1521 801 1613 magis
820 1519 937 1591 tenuit
954 1538 1033 1610 pars
1050 1518 1211 1608 Donati,
1237 1518 1339 1608 vquod

210 1652 220 1699 ς
272 1614 391 1688 atium
418 1614 468 1688 cst
488 1615 612 1709 postea
636 1637 702 1709 pro
723 1617 923 1706 Pritniano‚
951 1638 1053 1708 quarn
1073 1618 1165 1689 illius
1183 1616 1339 1689 Concilii

201 1786 222 1801 ,,
273 1713 544 1804 auctoritatem,
571 1737 645 1807 quo
664 1720 779 1789 suerat
795 1729 879 1791 ante
897 1716 1104 1804 damnatus;
1129 1716 1176 1789 stc
1195 1736 1283 1810 ergo
1299 1716 1338 1789 in

200 1854 221 1901 p,
273 1811 455 1887 Caciliani
475 1813 577 1888 causa
600 1814 732 1889 debere
751 1816 909 1902 attendi,
945 1816 1043 1906 quod
1060 1813 1185 1909 postea
1203 1814 1337 1910 gestum

212 1928 221 1941 ·
271 1911 336 1987 est.
396 1913 467 1987 Hic
496 1914 695 1988 Donatistae
726 1917 770 1988 de
797 1915 1006 1989 Maximiani
1035 1913 1135 1988 causa
1164 1912 1336 1988 coardiati

219 2048 233 2077 φ
254 2010 461 2104 dixerunt,
488 2034 557 2089 nec
572 2013 707 2087 causam
726 2012 857 2104 cause,
883 2035 953 2089 nec
969 2013 1154 2108 personam
1173 2015 1335 2106 prejudi-

200 2178 225 2201 Ε
246 2128 251 2143 ··
270 2130 356 2183 care
378 2110 549 2204 persone.
608 2117 724 2212 Quam
747 2111 955 2189 sententiam
978 2117 1013 2187 in
1039 2136 1104 2187 ore
1126 2115 1258 2187 habere
1279 2114 1336 2203 so.

200 2253 231 2299 3
268 2210 350 2284 lent
364 2230 489 2287 omnes
501 2212 694 2296 Catholici,
711 2235 790 2288 cum
809 2214 1005 2288 Donatista
1021 2216 1171 2287 aliorum
1186 2214 1335 2286 crimina

200 2331 229 2399 '.·
270 2309 347 2381 aliis
375 2312 588 2401 objicientes
612 2313 704 2389 suam
726 2312 986 2402 separationem
1012 2314 1271 2400 defenderent,
1299 2309 1334 2383 dr

201 2434 229 2497 p
268 2410 396 2483 orbern
414 2410 670 2504 Christianum,
703 2413 846 2501 nesci0‚
874 2415 1002 2502 quibus
1020 2409 1194 2482 Afrorum
1215 2410 1333 2484 crimi-

200 2529 251 2599 [ς
264 2509 373 2581 nibus
389 2509 605 2584 accusarent.
631 2512 725 2583 Nam
739 2510 772 2580 &
787 2510 850 2581 ista
863 2512 1060 2580 collatione
1074 2521 1212 2597 totum,
1233 2508 1332 2596 quod

200 2654 226 2699 ξ
266 2620 417 2698 egerant
432 2607 634 2697 Catholici,
660 2621 702 2678 ut
720 2607 887 2681 Ecclesrae
906 2607 1041 2681 causam
1062 2628 1081 2679 a
1099 2605 1200 2678 causa
1221 2605 1332 2680 Caeci-

265 2704 353 2779 liani
374 2703 629 2799 distinguerent
653 2704 868 2798 afferentes,
899 2709 935 2779 in
955 2705 1112 2779 Ecclesia
1132 2709 1330 2799 permixtos

200 2852 229 2900 ς
265 2803 383 2904 malos
401 2824 476 2875 non
494 2803 615 2877 obelie
632 2806 759 2895 bonis,
785 2826 854 2879 noc
873 2826 938 2879 eos
960 2803 1026 2879 suis
1048 2808 1226 2879 maculare
1247 2828 1330 2900 pec-

203 2988 208 2997 ·
267 2902 383 2992 catis,
411 2904 483 2977 hoc
502 2906 627 2996 utique
652 2919 817 2999 egerant,
843 2919 885 2977 ut
907 2926 977 2977 nec
1000 2902 1100 2977 causa
1118 2904 1227 2977 causae
1245 2927 1329 2997 pre·

200 3030 225 3103 ἑ
265 2994 464 3095 judicaret,
485 3023 554 3077 nec
571 3002 721 3097 persona
735 3003 913 3097 persone
933 3006 1030 3095 quod
1045 3007 1088 3078 ab
1104 3004 1328 3097 adversariis,

200 3152 221 3201 ἰ
266 3100 352 3172 dum
366 3102 458 3174 aliud
473 3118 657 3202 ageretur,
674 3124 771 3177 voce
782 3103 989 3196 apertillrma
1003 3101 1254 3177 confirmatum
1266 3102 1328 3181 est.

207 3254 221 3299 :
264 3197 336 3270 Sed
356 3203 525 3294 cognitor
542 3222 623 3276 cum
649 3201 850 3297 quaesrlllet,
884 3204 967 3295 quid
991 3206 1035 3277 de
1059 3202 1327 3299 Carthaginensi

209 3388 215 3405 ·
265 3296 435 3372 Concilio
464 3299 644 3375 Catholici
669 3302 950 3394 responderent,
982 3305 1114 3377 iterum
1134 3302 1328 3396 responde·

200 3431 217 3467 ·.
237 3442 240 3447 -
263 3411 376 3487 runt,
410 3420 487 3471 non
510 3399 579 3475 elie
599 3403 901 3476 contemnendam
933 3403 1192 3476 similitudinem
1217 3399 1327 3475 cause

200 3494 235 3581 ζ·
260 3495 456 3589 Primiani,
484 3503 566 3592 quia
585 3501 619 3573 dr
639 3501 818 3576 Dominus
838 3501 995 3574 Christus
1010 3500 1148 3593 judeos
1166 3501 1210 3572 de
1225 3497 1325 3575 fallis

200 3598 207 3609 '
261 3616 391 3670 eorum
421 3601 644 3673 convincens
668 3601 888 3692 perducebat
918 3602 961 3677 ad
988 3621 1127 3675 verum.
1182 3599 1327 3674 Deinde

203 3692 207 3703 '
263 3693 465 3768 Donatistae
489 3702 596 3794 longa
615 3700 873 3791 prosecutione
895 3703 1067 3795 agebant,
1102 3711 1143 3771 ur
1165 3719 1209 3769 ex
1232 3700 1326 3772 illius

200 3864 208 3911 1
264 3794 477 3869 audieritate
494 3797 774 3894 Carthaginensrs
795 3798 951 3873 Concilii
970 3796 1241 3872 confirmaretur
1255 3797 1328 3872 Cae·

264 3893 385 3966 ciliani
406 3896 608 3990 damnatio,
636 3900 733 3989 quod
752 3899 794 3969 ad
812 3912 873 3971 tot
895 3894 1098 3972 sacerdotes
1115 3900 1239 3971 venire
1257 3917 1328 3970 no-

200 3990 397 4087 luerit,
419 3993 533 4093 (quast
550 4018 627 4075 non
642 3998 882 4074 &Primianus
895 3997 940 4071 ad
955 4018 1042 4097 eos,
1061 3998 1219 4103 aquibus
1236 3997 1330 4070 dam·

784 4094 856 4170 Oo
881 4120 907 4189 4
1172 4111 1287 4168 natus
