3200 4784
516 432 733 495 ‘XLIV

510 577 953 668 sendarum
1031 574 1261 670 causa
1324 576 1705 686 instituto
1766 575 2073 663 rediret
2102 633 2126 677 ,
2205 576 2309 666 ad
2382 576 2660 663 littora

452 767 456 774 ,
508 691 801 782 -Rheni
839 692 1186 778 obvium
1217 689 1709 792 habueram,
1743 692 1829 777 &
1857 695 1938 775 in
1972 689 2271 777 eodem
2306 690 2657 777 diverso-

524 812 653 895 rio
688 834 844 919 per
876 804 1193 918 aliquot
1223 804 1391 889 dies
1423 804 2084 892 commensalem.
2196 825 2201 837 ’

705 919 1161 1033 Reliquum
1211 918 1366 1004 diei
1415 943 1743 1031 tempus
1790 924 2086 1032 partim
2135 916 2447 1014 inaula
2489 922 2655 1033 egi,

522 1039 827 1150 partim
861 1038 938 1117 in
973 1033 1555 1117 suburbicariis
1591 1032 1843 1134 villis,
1904 1060 2266 1145 quarum
2300 1056 2659 1145 utraque

523 1179 575 1236 a
624 1144 1243 1260 poffefforibuS,
1305 1175 1468 1232 una
1519 1176 1564 1233 a
1615 1147 2014 1259 Principis
2061 1145 2421 1261 conjuge
2459 1146 2656 1230 Lui-

524 1265 773 1364 sium,
831 1257 1078 1347 aitera
1131 1290 1176 1345 a
1231 1256 1517 1363 fratre,
1576 1262 2093 1376 Georgium,
2151 1287 2460 1345 nomen
2518 1260 2652 1344 ha-

452 1384 459 1389 ’
519 1378 692 1468 bet.
810 1378 1268 1484 Remotiori
1317 1376 1420 1461 ab
1473 1374 1687 1464 urbe
1725 1377 1833 1463 -ad
1871 1375 2072 1460 duas
2107 1374 2379 1461 leucas
2412 1372 2651 1478 villae,

526 1489 838 1605 oppido
871 1488 1292 1576 Woerlicio
1343 1488 1780 1603 adjacenti,
1842 1491 2235 1600 Principis
2285 1493 2652 1602 proprie-

518 1610 706 1706 tati,
753 1627 1046 1713 utpote
1078 1602 1402 1690 duabus
1438 1604 1562 1687 his
1600 1604 2020 1715 ampliori,
2072 1601 2655 1714 perlustrandae

521 1744 784 1809 totam
806 1716 1042 1802 -diem
1079 1722 1395 1802 tertiam
1429 1715 1779 1807 insumsi.

690 1832 968 1930 Quam
1001 1831 1253 1917 velim
1287 1858 1550 1933 nunc,
1614 1832 1912 1941 poffim
1946 1829 2455 1940 prehendere
2488 1856 2653 1914 ma·

523 1974 729 2033 num
768 1970 1034 2048 tuam,
1089 1949 1387 2032 Amice
1419 1951 1773 2055 optime,
1834 1947 2137 2057 Teque
2175 1972 2326 2056 per
2361 1972 2655 2031 omnes

523 2061 674 2147 has
710 2085 1020 2145 naturae
1056 2058 1143 2145 &
1174 2062 1369 2145 artis
1405 2058 1762 2162 delicias,
1825 2084 2032 2173 quas
2065 2084 2483 2172 nusquam
2522 2084 2652 2143 co-

424 2268 431 2274 ,
518 2171 919 2286 piosiores
966 2173 1455 2259 melioresve
1503 2172 1716 2276 vidi,
1778 2172 2449 2280 circumducere3
2507 2195 2654 2259 aut

517 2294 627 2375 ita
678 2291 1146 2372 minutatim
1204 2286 1657 2372 describere
1689 2347 1713 2389 ,
1789 2311 1887 2372 ut
1946 2285 2219 2371 saltem
2271 2290 2653 2400 imagina-

518 2407 723 2490 tioni
783 2427 942 2487 tuae
1003 2401 1236 2487 velut
1286 2401 1548 2488 oculis
1600 2400 2119 2510 subjicerem.
2248 2401 2387 2485 Ne
2442 2400 2654 2487 illud

514 2517 652 2619 fit,
708 2542 1072 2629 uterque
1117 2511 1286 2600 fato
1335 2514 1878 2625 prohibemur
1922 2516 2182 2628 longo
2221 2514 2651 2601 intervallo

517 2630 612 2717 &
664 2630 770 2716 ab
829 2634 1223 2733 invicem,
1291 2630 1377 2715 ὃ(
1427 2630 1528 2715 ab
1579 2630 2108 2714 amoeniffima
2154 2634 2497 2743 regione
2545 2626 2653 2712 se·-

530 2745 814 2827 ‘unita
934 2747 1314 2831 Alterum
1362 2743 1711 2829 tacerem
1823 2747 1875 2827 si
1923 2775 2047 2827 am
2083 2744 2351 2827 *liores
2399 2738 2659 2827 esseut
