3200 4784
596 393 814 470 ivm

599 558 1165 648 contentiones
1196 553 1848 672 Theologor-um
1887 557 1988 642 de
2019 553 2162 643 SS.
2185 555 2748 667 Sacrament0‚

594 669 1071 762 Parnaffum
1102 671 1273 757 &e.'
1307 671 1831 758 exhibentes:
1893 671 2028 757 vel
2067 678 2312 759 etiam
2341 676 2566 760 Pauli
2601 705 2746 762 vea

597 785 963 875 ronen'sis
998 787 1437 900 egregium
1472 811 1734 897 opus,
1794 788 2150 898 Nuptias
2183 789 2542 875 Canae-in
2578 793 2742 879 Ga-

596 902 799 990 lilaea
832 900 1275 987 celebratas
1304 895 1674 988 'referens
1709 905 2154 990 intueatur.
2271 903 2608 991 Id-hisce
2653 910 2746 995 in

596 1013 939 1132 picturis
986 1017 1545 1127 praecipuum,
1604 1013 1882 1130 quod,
1939 1016 2200 1130 qualis
2253 1017 2344 1101 fit
2376 1019 2746 1105 interlit-

601 1153 904 1218 teratos
943 1131 1329 1215 o'rnnium
1360 1153 1696 1226 aetatutn
1724 1129 2216 1254 &locorum
2247 1135 2475 1218 viros
2497 1139 2742 1222 etiam

597 1247 786 1360 post
817 1240 981 1332 fata
1006 1247 1494 1329 communio
1528 1296 1554 1338 ‚
1623 1267 1788 1329 tam
1826 1241 2113 1329 dextre
2143 1274 2309 1331 una
2343 1249 2428 1330 in
2465 1249 2744 1335 tabula

593 1365 704 1448 ita
744 1379 1036 1443 omnes
1087 1355 1574 1460 exhibeant,
1664 1362 1904 1445 vivos
1947 1386 2143 1444 cum
2190 1367 2542 1447 mortuis
2587 1367 2740 1448 mi-

596 1474 939 1574 scentes,
974 1493 1069 1557 ut
1099 1475 1331 1557 omni
1358 1472 1672 1558 sublato
1700 1471 2156 1557 discrimine
2181 1477 2431 1559 unam
2460 1481 2746 1562 unani-

598 1603 782 1677 'mes
822 1612 1002 1671 rem
1052 1611 1346 1701 agere,
1424 1613 1852 1700 unamque
1897 1587 2131 1672 simul
2182 1587 2468 1675 ludere
2511 1589 2750 1678 sabu-

603 1704 770 1789 lam
806 1699 1216 1786 crederes,
1723 1805 1734 1814 ,
2455 1720 2462 1730 ·

772 1810 1347 1901 Succefferunt
1401 1812 1572 1899 aliae
1627 1815 2078 1926 imagineS,
2147 1841 2337 1927 quae
2385 1816 2744 1904 insisten-

603 1955 773 2030 tem
822 1929 1124 2043 Pflug-ii
1181 1928 1514 2056 turnulp
1572 1928 1677 2012 de
1729 1934 1980 2039 patria
2031 1955 2209 2014 mea
2261 1932 2746 2021 monebant.

598 2048 1049 2157 Eppon'cm
1085 2047 1344 2142 enim,
1408 2044 1496 2132 81
1531 2041 2132 2128 Godehardum
2159 2044 2745 2132 Schwarzbur·

600 2163 941 2276 gicum‚
1030 2156 1243 2244 duos
1304 2156 1607 2272 Pflugii
1666 2159 1755 2241 in
1813 2155 2494 2271 Naumburgenfi
2558 2159 2745 2247 sede

597 2269 1139 2360 antecessores
1193 2270 1474 2357 videre
1526 2270 1728 2355 mihi
1776 2269 1994 2354 visus
2030 2268 2223 2355 sum
2259 2321 2284 2365 ‚
2367 2299 2743 2385 quorum

598 2390 737 2476 ille
787 2391 893 2472 ex
937 2387 1127 2473 aula·
1149 2385 1865 2499 wirceburgensi,
1926 2383 2071 2469 ubi
2113 2389 2408 2470 vinum
2447 2387 2745 2498 injuste

602 2504 970 2602 biberat,
1056 2500 1157 2586 ad
1212 2499 1539 2587 Caesaris
1590 2500 1836 2584 castra
1885 2497 2207 2583 rediens
2238 2559 2261 2599 ,
2331 2528 2554 2612 equo
2605 2502 2742 2587 de÷

601 2616 874 2731 lapsus
912 2611 1431 2701 unofere'ab
1465 2612 1678 2699 urbe
1709 2610 1973 2724 lapide
2005 2615 2088 2696 in
2121 2617 2300 2699 rivo
2338 2617 2581 2718 obiit,
2635 2615 2744 2701 ad

606 2733 842 2839 cujus
906 2759 1086 2811 ειῡ-
1126 2733 1390 2815 finam
1434 2791 1538 2803 -
1590 2753 1891 2811 arnaenn
1947 2728 2059 2811 est
2115 2733 2365 2811 totius
2427 2735 2743 2819 circum
