3200 4784
1105 417 1126 440 ''
1179 445 1321 516 xxxnr

238 592 468 714 Lipfiensts
497 591 702 683 industria
736 621 787 682 ao
814 587 981 679 solertiae
1017 593 1160 707 plures
1193 599 1318 686 offici·

238 744 337 818 nas,
357 718 405 803 dr
416 712 605 825 praeclara
624 711 873 797 documenta
895 713 1066 795 miratus
1084 711 1186 798 sum.
1222 716 1319 799 Hei-

237 832 352 917 nekii
370 852 507 915 tamen
530 824 708 911 scholam
728 823 916 921 consulto
935 853 1020 909 non
1039 826 1135 937 adii3
1161 852 1321 940 tempo.-

239 951 301 1030 ris
329 938 437 1048 enim
455 965 624 1054 patena,
656 939 700 1024 81
716 940 943 1030 multarum
962 938 1133 1025 aliarum
1158 967 1319 1048 rerum,

248 1081 430 1173 quarum
449 1054 630 1140 necdum
645 1053 772 1137 ullam
783 1054 1008 1154 habueram
1022 1056 1318 1166 cognitionem,

248 1171 444 1271 curiosuS,
455 1170 643 1269 abstinui,
655 1165 731 1263 nec
741 1168 965 1279 vidi,quod
982 1168 1065 1279 jam
1081 1167 1176 1252 alias
1194 1176 1235 1252 in
1253 1197 1320 1282 pa·

244 1292 318 1371 tria
335 1284 532 1371 videram.
571 1284 663 1368 Nec
683 1307 852 1391 parum,
873 1278 1028 1382 fateor,
1049 1281 1321 1371 melaetatum

239 1389 359 1485 fuisse
370 1426 415 1482 ea
426 1401 690 1512 cogitatione,
711 1421 795 1479 non
808 1395 996 1496 Lutetiae,
1013 1423 1096 1480 non
1110 1396 1321 1482 Vindobo-

199 1549 202 1554 ·
244 1517 329 1615 n'ae,
360 1539 447 1596 non
468 1510 612 1622 Lipfiae
630 1507 707 1602 elle
723 1512 1058 1621 praerogativam,
1080 1509 1321 1626 hochuod

241 1630 395 1712 merito
413 1624 607 1737 jaciatur,
637 1625 781 1708 nostrae
806 1628 931 1707 aetatis
958 1628 1176 1709 inventum
1186 1644 1320 1740 ,i'quo

242 1743 328 1854 ipsa
344 1746 388 1824 in
414 1740 543 1824 surdis
570 1738 612 1822 dr
637 1740 765 1823 mutis
785 1762 928 1821 natura
942 1743 1122 1826 vincitur
1138 1740 1181 1826 dc
1197 1744 1321 1824 corri-

194 1947 196 1964 Ι
243 1859 373 1970 gitur.
410 1852 694 1962 Triumphavi
712 1875 951 1982 quoque-
970 1877 1106 1938 tantus
1124 1855 1182 1938 est
1199 1880 1320 1940 amor

194 1973 197 2008 ¹
243 1969 390 2081 patriae
414 2023 467 2041 --
495 1963 611 2078 quod
630 1963 778 2075 Liplrae
806 1967 956 2075 poffim
983 1972 1195 2075 praeterire
1213 1996 1318 2072 rem,

195 2125 198 2134 ·
243 2107 341 2196 quae
360 2104 421 2164 tot
437 2079 612 2165 aliorum
630 2082 933 2193 periegetarum
951 2088 1221 2168 attentionem
1232 2110 1321 2167 mo·

243 2217 345 2295 vet,
384 2192 737 2282 &curiositatem
768 2192 915 2294 allicit,
955 2195 1073 2308 quod
1107 2195 1198 2307 ejus
1232 2197 1320 2309 jam

244 2307 383 2394 ideam
402 2306 566 2419 plenam
593 2311 634 2390 in
654 2310 782 2419 patria
798 2316 1041 2419 acceperim.
1102 2312 1235 2414 ltane,
1262 2317 1320 2394 in·

278 2426 373 2522 uia,
407 2426 449 2507 in
475 2420 740 2534 Franconia?
775 2426 966 2536 quinimo
991 2427 1032 2508 in
1058 2429 1187 2537 patria
1212 2452 1319 2509 mea.

246 2448 476 2650 {stpagus
502 2564 585 2620 una
602 2535 769 2621 leucade
796 2536 1072 2651 Wirceburgo
1097 2538 1243 2622 distans
1269 2536 1321 2624 ad

195 2639 201 2778 J
249 2652 377 2748 moeni
395 2654 549 2760 ripam,
568 2649 842 2735 Erlenbrunn
859 2676 1032 2750 vocant,
1050 2649 1124 2735 ubi
1143 2676 1237 2736 ante
1253 2679 1320 2739 an·

246 2763 326 2850 nos¹
356 2762 506 2849 abhinc
528 2760 614 2848 fere
640 2762 814 2874 septem,
854 2768 929 2873 qui
955 2786 1055 2847 tunc
1077 2760 1215 2854 fuerat
1238 2768 1321 2854 loci

203 2955 211 2990 Ι.
246 2870 478 2978 Parochus,
496 2875 608 2959 haud
624 2880 675 2960 ita
690 2874 855 2987 pridem
874 2878 1053 2966 necdum
1071 2878 1214 2984 senex,
1230 2878 1320 2968 fato

245 2989 442 3103 supremo
471 2987 665 3092 funerus,
704 3016 838 3102 puero
866 3017 1101 3096 annorum,
1144 2994 1173 3078 sr
1204 2995 1317 3081 recle

245 3108 443 3220 memini,
467 3102 584 3205 oclo,
615 3132 637 3190 a
655 3108 864 3190 nativitate
883 3134 1001 3192 muto
1018 3106 1240 3222 surdoque,
1259 3107 1317 3195 fe·

245 3217 313 3304 lici
342 3216 465 3311 ausu,
507 3219 589 3304 hoc
613 3218 861 3305 beneficium
882 3224 1088 3333 praestitit,
1118 3247 1166 3309 ut
1189 3228 1318 3312 verba

193 3329 198 3456 ξ
244 3360 266 3418 n
301 3331 487 3443 cujusvis
517 3332 725 3447 loquentis
757 3360 841 3417 ore
860 3340 1116 3447 perciperet3
1160 3338 1317 3423 calamo

245 3448 371 3550 etiam
394 3451 436 3532 in
464 3445 602 3531 charta
633 3452 866 3555 exciperet3
897 3474 1021 3563 atque
1047 3478 1121 3533 ore
1145 3451 1315 3536 calamo·

247 3586 334 3672 que
361 3557 471 3645 recle
495 3558 771 3670 responderet.
830 3560 955 3646 Fama
978 3564 1037 3647 rei
1062 3563 1113 3649 ad
1136 3591 1205 3647 me
1223 3587 1316 3676 per·

246 3672 325 3760 lata
354 3670 601 3790 improvisus
633 3673 851 3787 superveni
877 3675 958 3761 tali
996 3704 1093 3763 cum
1124 3676 1195 3763 suo
1233 3680 1316 3768 hoc

195 3839 198 3900 t
247 3786 399 3874 cliente
420 3789 640 3891 exercitio,
670 3791 713 3878 dr
737 3808 857 3900 capto
875 3786 1045 3900 ipsemet
1064 3796 1318 3903 experimen·

247 3924 315 4003 to,
353 3902 397 3989 dr
423 3928 517 3987 vera
540 3892 619 3986 esse
646 3906 851 4013 comperi,
889 3925 983 4015 quae
1005 3904 1236 4009 audieram,
1273 3910 1317 3996 dc

194 4101 198 4118 ,
246 4015 325 4132 viri
353 4017 527 4106 miratus
557 4013 647 4106 sum
678 4013 904 4120 solertiam,
940 4019 1013 4132 qui
1040 4026 1207 4138 propria
1236 4023 1316 4108 Ml·

776 4153 799 4219 c
1137 4158 1263 4223 nerva
1327 4201 1353 4271 1
