3200 4784
581 407 732 510 Lniun
766 447 1019 509 sccunous.
1287 450 1334 532 35

265 594 430 672 tbiiiins
452 599 626 688 temporis
646 593 823 684 judicibus
848 596 976 666 relatio
994 593 1217 670 mitteretur.'
1259 593 1331 672 Sed

263 696 468 770 intervenit
487 695 521 768 dt
540 693 726 786 occurritj
753 693 776 764 d
792 697 883 765 cium
901 695 990 776 liei,
1016 708 1056 765 ut
1072 694 1152 785 ille,
1180 695 1239 787 qui
1259 715 1330 770 vus

258 796 337 891 jam
355 799 484 870 dudum
501 797 617 867 redire
630 792 798 886 jusserat,
826 792 1025 884 lmpetatot
1041 793 1212 887 profanus
1233 794 1331 869 &sa-

264 895 445 992 crilegus,
470 911 692 980 moreretur,
717 895 775 984 qui
793 892 1100 984 persecutionem,
1118 895 1224 968 vobis
1243 915 1332 990 pro·

261 995 511 1080 vocantibus,
533 993 604 1086 jam
625 992 763 1066 miserat
783 1007 843 1062 aut
858 998 999 1064 mittete
1019 993 1238 1084 disponebat.

351 1102 404 1174 ¹8.
433 1094 592 1185 Operata
613 1091 663 1163 est
684 1091 775 1180 apud
796 1094 877 1162 loca
903 1090 1094 1183 supradicta
1119 1095 1153 1162 in
1173 1093 1333 1168 Catholi-

269 1211 339 1266 cos
362 1193 567 1267 trucidatio.
619 1191 870 1262 Memoramini
896 1211 959 1281 per
983 1193 1063 1262 loca
1088 1190 1244 1286 fingula,
1271 1195 1331 1283 qui

267 1291 407 1366 fuctint
433 1293 540 1363 uestit
567 1286 703 1363 discors
710 1311 736 1359 s
799 1287 937 1361 Nonne
961 1292 1005 1361 dc
1029 1311 1181 1363 numero
1208 1291 1331 1366 vestro

264 1391 416 1466 fuerunt
431 1388 531 1462 Felix
547 1389 739 1476 Zabensts,
757 1386 984 1480 &Januarius
1001 1387 1333 1484 Flumenpiscensis,

265 1489 307 1563 dt
325 1493 466 1580 caeteti,
495 1493 553 1582 qui
572 1503 651 1558 tota
668 1487 851 1559 celeritate
873 1503 1136 1560 concurrerunt
1155 1492 1195 1560 ad
1213 1489 1334 1562 castel·

266 1591 344 1663 lum
370 1585 617 1662 Lemellensc:
654 1589 713 1658 ubi
749 1608 827 1660 cum
863 1602 989 1660 contra
1024 1590 1333 1679 importunitatem

265 1685 366 1763 suam
384 1688 552 1760 viderent
567 1686 743 1761 Basilicam
761 1685 930 1770 clausam,
956 1687 1142 1780 presentes
1156 1687 1334 1780 jusserunt

267 1790 426 1860 comites
452 1785 565 1874 suos,
607 1800 648 1856 ut
675 1781 905 1856 ascenderent
932 1790 1111 1878 culmina,
1155 1789 1334 1862 nudarent

267 1883 392 1970 tetba,
421 1885 592 1975 Jatlatcnt
615 1885 779 1981 tegulas:
812 1884 958 1976 imperia
986 1907 1110 1959 cotum
1137 1887 1210 1960 stne
1230 1908 1334 1962 mora

272 1985 458 2074 completa
484 1981 583 2071 suot,
617 1983 650 2054 dt
674 2003 754 2054 cum
781 1985 891 2056 altare
918 1983 1153 2058 defenderent
1179 1987 1335 2059 Diaconi

267 2080 464 2169 catholici,
490 2081 618 2176 tegulis
633 2081 773 2175 plurimi
794 2087 970 2156 cruentati
992 2083 1092 2168 sunt,
1130 2085 1204 2159 duo
1227 2085 1335 2162 occifi

266 2181 374 2282 sunt,
407 2179 545 2254 Primus
564 2179 656 2254 lilius
673 2179 848 2275 Januatii,
875 2181 1091 2257 &Donatus
1116 2182 1209 2259 filius
1229 2186 1334 2278 Nini,

269 2281 480 2373 ungentibus
508 2279 794 2372 &presentibus
820 2279 1053 2377 coepiscopis
1076 2283 1203 2356 v'cstris
1230 2283 1335 2376 supra

270 2379 498 2456 memoratis:
530 2390 573 2452 ut
592 2379 665 2453 stne
686 2380 796 2454 dubio
817 2381 862 2454 de
880 2385 985 2455 vobis
1001 2383 1130 2458 didlum
1147 2383 1214 2473 stt,
1246 2384 1338 2453 Velo-

272 2504 323 2551 ιιι
340 2481 428 2576 pedes
449 2503 554 2550 eorum
573 2483 614 2551 ud
635 2479 856 2573 effundendum
875 2481 1074 2576 sanguinem.
1126 2480 1184 2553 De
1207 2501 1275 2570 qua
1297 2499 1337 2554 re

271 2577 473 2673 Primosus,
501 2575 699 2672 Episcopus
713 2581 912 2653 catholicus
930 2585 1001 2652 loci
1019 2579 1337 2674 supramemorati,

269 2679 311 2752 in
326 2677 491 2749 concilio
512 2677 633 2751 vestro
655 2681 746 2768 apud
765 2678 802 2749 T
805 2677 1022 2750 henestinam
1046 2680 1229 2751 civitatem
1251 2699 1337 2769 que·

269 2775 346 2852 stus
362 2773 430 2866 est,
451 2773 485 2846 dt
503 2779 666 2867 querelas
681 2778 757 2867 ejus¹
772 2775 1021 2849 diffimulantet
1036 2775 1186 2866 nudislis.
1238 2774 1338 2852 Ecce

270 2897 294 2952 a
309 2876 418 2948 vobis
435 2870 565 2950 facium
579 2874 642 2955 est,
665 2876 761 2965 quod
775 2872 910 2965 dixisti,
927 2873 956 2914 ''
967 2872 1153 2949 Ecclesiam
1163 2897 1237 2950 non
1250 2876 1335 2972 esse,

271 2995 354 3070 quae
377 2974 538 3046 cruentis
557 2975 732 3048 morsibus
754 2971 927 3068 pascitur3
955 2974 1100 3048 &aliud
1124 2975 1222 3058 sunt,
1247 2978 1338 3049 mili·

266 3088 329 3150 tes
347 3072 445 3160 milli,
464 3073 558 3146 aliud
574 3071 741 3169 Episcopi
759 3076 957 3149 ordinati.“
985 3075 1097 3172 Quod
1116 3090 1244 3148 contra
1263 3095 1336 3149 noc

270 3169 453 3249 invidiose
467 3174 672 3266 loquimini,
700 3175 744 3245 ab
760 3175 833 3246 aliis
853 3172 980 3247 fadlum
996 3175 1062 3260 est,
1088 3196 1162 3247 nun
1183 3176 1337 3249 anobis.

272 3271 390 3372 Quod
413 3271 529 3346 dicitis
549 3295 625 3346 non
649 3271 805 3345 debuisse
823 3271 920 3354 fieti,
947 3295 1017 3345 vos
1033 3273 1175 3347 fecistis.
1229 3273 1339 3346 Com·

270 3370 495 3450 memorastis
525 3371 557 3443 dt
581 3371 621 3446 B.
647 3370 863 3466 Apostolum
890 3372 1037 3447 Paulum
1074 3369 1224 3462 dixisse,
1258 3377 1338 3442 Sine

272 3494 356 3566 ruga
378 3469 417 3546 ὅ
439 3471 502 3558 fine
528 3472 610 3545 sorde
634 3472 792 3555 Ecclefinm
811 3469 865 3562 effe
890 3473 1001 3544 debere.
1065 3467 1252 3564 Episcopis
1274 3490 1339 3543 ve·

271 3565 354 3646 stris
367 3571 573 3661 iubentibus
591 3568 890 3661 &praenuntium
916 3571 1018 3663 supet
1041 3574 1149 3642 altare
1166 3569 1338 3642 catholici

272 3668 433 3750 Diaconi
448 3667 555 3741 occist
572 3667 669 3756 sunt3
691 3669 848 3743 similiter
862 3667 895 3741 dt
908 3671 998 3754 apud
1011 3668 1159 3752 Carpos.
1197 3665 1338 3743 Nonne

273 3762 344 3846 ilbi
360 3767 530 3842 videntur
547 3769 778 3856 inexpiabiles
799 3765 950 3841 sordes?
983 3769 1023 3839 ln
1045 3765 1270 3840 Mauritaniae
1290 3769 1340 3840 ci·

274 3869 481 3956 vitatibus,
516 3869 628 3940 vobis
644 3865 880 3958 instantibus,
914 3865 1083 3958 quassatio
1104 3869 1229 3958 populi
1247 3866 1339 3940 sadis

276 3967 351 4044 est:
376 3967 509 4044 mortui
526 3967 605 4040 sunt
622 3968 657 4038 in
672 3967 784 4038 uteris
801 3979 973 4054 matrum,
1002 3968 1060 4058 qui
1075 3965 1217 4039 fuerant
1230 3965 1339 4037 nasci·

275 4060 363 4147 luti.
411 4065 506 4148 Non
519 4068 585 4145 tibi
601 4065 745 4145 videtur
758 4083 868 4164 tuga,
888 4061 1354 4231 quettuttpussnnluegae

213 4172 217 4188 '
387 4182 392 4193 '
804 4169 890 4250 Ca
1221 4168 1279 4237 lli
1317 4197 1335 4212 ·
