3200 4784
317 402 330 423 ι
394 372 892 473 ns'Douarrsnanuaa
915 370 1178 458 His-anari.
1255 403 1325 479 327

379 538 503 631 diciis,
529 537 804 615 &Caecilianum
821 539 1001 615 absentem
1017 544 1061 613 ab
1075 541 1130 615 his
1144 539 1213 616 esse
1228 542 1324 620 darn·

200 688 205 735 5
376 653 501 722 natum
519 639 555 713 in
573 638 744 713 Concilio
757 641 831 714 srne
851 639 1008 713 Consule
1027 640 1060 712 ἃ
1079 642 1158 734 die,
1185 664 1244 733 qur
1236 644 1323 719 srbi

200 788 205 837 :-
248 808 250 813 ,
375 741 533 813 invicem
553 738 711 813 consessa
730 732 933 813 traditionis
957 727 1104 815 crirn'ina
1123 743 1161 816 in
1182 743 1279 818 alio
1270 766 1323 819 ιιι-

204 886 209 893 -
300 900 302 907 .
375 837 767 934 veniunturignoviffe
785 838 967 916 Concilio.

200 1015 202 1021 ,
252 956 324 1038 352
350 938 593 1034 lntetlocutio
608 941 683 1013 hoc
698 937 810 1031 ipsum
826 941 973 1036 exigens
988 941 1144 1017 recitari.

237 1065 322 1138 ‚353
348 1038 424 1113 Ubi
458 1040 637 1135 principio
671 1038 827 1113 Concilii
857 1041 1012 1115 recitato
1048 1043 1319 1138 interrumpunt

372 1136 573 1213 Donatistae
589 1154 785 1235 negantes,
813 1138 1006 1217 Consulem
1025 1140 1061 1217 δι
1078 1142 1174 1217 dent
1190 1140 1318 1218 Eccle·
1399 1220 1404 1231 ,

370 1238 511 1313 fiasticis
531 1230 766 1333 adjicisolere
784 1238 952 1317 decretis.
1403 1238 1405 1245 '

246 1357 322 1434 354
347 1338 620 1415 Catholicorum
641 1339 685 1411 ad
701 1339 764 1413 rsta
776 1338 972 1432 responsio

200 1442 202 1447 ⁴
247 1460 318 1532 355
346 1438 586 1512 lntetlocutio
601 1438 718 1513 similis
737 1440 961 1531 praecidenti.

206 1550 208 1555 '
244 1543 322 1634 35⁶
347 1539 420 1619 Ubi
440 1540 588 1634 exigunt
608 1537 787 1613 Catholici
806 1552 983 1635 oportere
999 1536 1167 1632 disquiri,
1192 1550 1316 1635 utrum
1391 1594 1394 1599 ·

370 1640 567 1732 Donatus,
604 1639 704 1728 cujus
732 1637 846 1712 modo
872 1639 1094 1713 vocabulum
1122 1641 1314 1716 recitatum

282 1794 284 1799 .
370 1736 474 1826 est,
463 1752 558 1812 rnter
574 1735 753 1811 ceciliani
772 1737 884 1813 fuerit
901 1740 1144 1813 damnatores.

249 1857 317 1933 357
346 1835 604 1930 lntetlocutio,
619 1857 780 1931 querens
796 1835 861 1913 ista
874 1838 1036 1935 disquiri,
1055 1836 1153 1913 &ita
1165 1839 1313 1941 nomina

369 1936 600 2033 fingulorunr.
881 1965 893 2010 ι

244 2045 314 2134 358
340 2034 415 2111 Ubr
426 2036 626 2111 Donatrstae
641 2034 829 2129 testantur,
838 2033 874 2111 se
889 2034 1074 2130 prebuisse
1085 2037 1311 2133 patientiam,

367 2138 486 2215 vicem
503 2151 690 2232 petentes,
717 2158 799 2212 curn
814 2138 990 2231 coeperint
1003 2136 1234 2231 respondere

245 2233 583 2334 3591nterlocutio
616 2238 809 2313 secundum
843 2240 1073 2313 voluntatem
1103 2234 1312 2313 Donatista·

330 2357 446 2412 rum
478 2339 623 2436 exigens
656 2340 702 2413 de
730 2337 930 2414 Catholicis
962 2339 1145 2433 patientia}
1175 2331 1311 2437 proies-

367 2439 516 2514 sionem.

245 2541 317 2630 360
341 2536 416 2613 Ubi
436 2538 483 2610 de'
497 2537 686 2631 prebenda
701 2536 875 2629 patientta
884 2532 1065 2608 Catholici
1077 2529 1310 2628 profitentur.

244 2644 313 2732 361
343 2636 418 2711 Ubi
432 2634 527 2809 ltetda
547 2637 683 2711 codicis
707 2647 811 2745 parte
828 2646 956 2711 totum
963 2633 1033 2732 legi
1054 2630 1214 2730 flagitant
1230 2630 1310 2704 Do·
1385 2701 1389 2707 .

301 2808 304 2813 .
366 2738 441 2808 nati
474 2757 503 2805 ae
1396 2764 1401 2781 ·

243 2839 316 2926 362
342 2832 615 2907 catholicorum
633 2831 676 2906 ad
694 2830 848 2929 istaresp
851 2834 966 2909 onsro.

243 2936 313 3030 363
341 2930 560 3005 Prosecutio
581 2930 856 3011 catholicorum
882 2935 967 3009 ideo
990 2931 1170 3020 asserens,
1202 2927 1238 3004 se
1259 2930 1309 3004 le·
1327 2988 1332 3001 ,

367 3030 472 3128 gille,
507 3053 585 3124 quae
606 3032 697 3111 retia
718 3029 820 3128 sunt,
856 3049 898 3109 ut
917 3034 1098 3111 Caeciliani
1119 3030 1224 3128 poffit
1247 3051 1309 3104 va-

366 3135 441 3207 lere
457 3134 637 3229 purgatio
911 3184 914 3189 ·

246 3232 319 3324 364
341 3230 584 3305 lntetlocutio
603 3230 769 3307 adversus
789 3233 869 3325 illa,
901 3254 980 3325 quar
998 3254 1018 3307 a
1035 3178 1233 3306 Catholicis
1253 3250 1309 3305 re·

367 3333 516 3404 recitata
529 3330 626 3426 sunt,
645 3333 852 3407 Donatistas
867 3335 1065 3409 admonens
1078 3329 1309 3423 respondere,

368 3444 410 3503 ut
426 3444 553 3504 caetera
562 3453 678 3527 ,que
696 3436 897 3524 interrupta
913 3434 1016 3522 sunt
1040 3431 1251 3504 recitentur.
1372 3434 1375 3449 '

246 3529 325 3622 365
327 3517 554 3605 Prosecutio
572 3531 841 3607 Donatistarum
861 3531 1035 3619 asserens,
1067 3528 1165 3620 quod
1188 3529 1310 3600 decre-

368 3644 443 3702 tum
461 3629 531 3703 srne
549 3628 713 3707 Consulis
737 3629 976 3723 adscriptione
994 3630 1237 3721 protulerint,
1263 3648 1310 3701 ex

371 3725 632 3803 consuetudine
647 3729 682 3805 se
698 3727 820 3803 secisse
835 3730 1021 3822 majorum.

248 3828 321 3921 366
345 3828 611 3921 lntetlocutio,
638 3848 714 3921 quae
735 3828 847 3921 dicit,
871 3850 922 3901 ex
938 3829 1012 3905 hoc
1031 3846 1079 3903 ne
1097 3804 1310 3901 Catholicos

239 3996 241 4003 .
371 3925 492 4005 secisse
509 3930 669 4022 aliquam
679 3926 922 4022 questionem.

685 4094 704 4113 ’κ
781 4096 869 4227 Xa,
930 4077 934 4085 ι
1107 4121 1292 4217 'qbqhto-

605 4456 608 4461 ⁴
627 4462 691 4474 -.
808 4455 906 4474 ..nh-u.
