3200 4784
514 447 643 520 1⁴11

534 601 728 690 chra
764 596 1319 710 disponantur,
1354 592 1670 707 quibus
1703 621 2058 706 corpora
2087 597 2498 703 humana,
2527 627 2672 686 ve-

530 717 660 802 lut
706 713 1018 800 florum
1060 708 1686 820 herbarumque
1735 709 2037 796 semina
2081 718 2166 798 in
2207 717 2425 798 veris
2461 716 2670 802 aesta-

522 835 811 942 'tisque
886 826 1271 911 decorem
1344 822 1429 910 &
1500 819 1829 908 delicias
1889 831 2446 940 germinatura
2474 888 2499 930 ‚
2576 833 2665 917 in

530 968 938 1058 magnum
964 939 1243 1049 judicii
1277 935 1499 1021 diem
1520 996 1543 1037 ‚
1594 935 1694 1021 ad
1727 937 2070 1050 gloriam
2101 940 2665 1030 maturescant.

530 1057 923 1146 Plurimae
958 1054 1109 1138 fint
1142 1056 1443 1136 circum
1477 1049 1928 1164 sepulchra,
1972 1053 2223 1140 velim
2259 1059 2344 1140 in
2377 1081 2667 1140 coeme-

533 1176 691 1260 trio
728 1167 1053 1280 placidae
1088 1167 1266 1278 post
1302 1163 1527 1250 actos
1552 1167 1739 1250 vitae
1765 1165 2090 1253 labores
2111 1172 2448 1280 quietis:
2481 1171 2668 1256 bra·

532 1290 872 1375 viorum
910 1283 997 1368 &
1036 1280 1632 1390 trophaeorum,
1669 1282 1852 1390 post
1885 1281 2268 1367 vifi’corias
2305 1307 2665 1396 reporta-

532 1426 675 1502 taS‚
703 1399 789 1484 81
809 1424 967 1510 pro
1000 1398 1309 1479 meritis
1333 1393 1812 1479 cumulatis:
1848 1421 2096 1507 atque
2133 1395 2498 1482 melioris
2521 1423 2663 1510 pa-

530 1511 1019 1626 lingenefiae,
1060 1535 1265 1621 quas
1298 1511 1572 1592 omnis
1612 1533 1897 1594 natura
1924 1504 2188 1613 offert,
2223 1516 2666 1623 imagines3

530 1636 639 1718 ita
674 1649 769 1712 ut
801 1626 970 1710 huc
1006 1650 1175 1706 non
1216 1625 1491 1706 minus
1541 1649 1634 1706 ac
1679 1623 1781 1708 ad
1813 1624 1962 1708 alia
1995 1624 2174 1710 loca
2208 1653 2522 1711 amoena
2551 1631 2668 1712 in·

530 1749 937 1843 vitentur,
998 1739 1146 1854 qui
1196 1739 1447 1822 animi
1498 1734 1730 1822 causa
1777 1737 2202 1824 ambulare
2236 1765 2388 1850 per
2417 1765 2670 1856 agros

534 1857 977 1946 voluerint.
1094 1851 1577 1954 Coemetria‚
1641 1855 1880 1965 queis
1930 1849 2324 1954 fratrum,
2375 1879 2472 1938 ut
2519 1880 2668 1942 vo·

535 1996 862 2074 cantur,
938 1968 1555 2055 moravicorum
1616 1964 1958 2051 colonia:
2016 1966 2200 2052 suos
2262 1967 2666 2070 condunt,

594 2090 911 2176 toxime
955 2079 1059 2168 ad
1104 2107 1284 2167 eam
1315 2074 1675 2165 formam
1716 2080 2155 2181 accedunt,
2227 2107 2474 2194 quam
2527 2108 2670 2165 ve-

564 2209 676 2288 im
712 2200 991 2288 omnia
1020 2195 1403 2280 omnium
1442 2192 1759 2307 ubique
1793 2192 2434 2280 Christianarum
2469 2195 2672 2280 civi·

535 2342 803 2404 tatum
841 2310 1223 2398 habeant.

698 2429 907 2515 Non
938 2421 1307 2539 possum,
1362 2423 1664 2509 Amice
1698 2425 2053 2531 optime,
2119 2425 2326 2536 quin
2357 2419 2460 2505 ab
2493 2418 2669 2508 hoc

534 2545 899 2638 Ascaniae
933 2541 1235 2632 domus
1266 2537 1670 2650 gentilitio
1702 2533 2164 2649 sepulchro,
2199 2535 2299 2620 ad
2319 2532 2668 2620 Halber-

537 2655 1007 2748 stadiensem
1038 2678 1341 2767 agrum
1372 2675 1878 2765 montesque
1900 2707 1922 2750 ,
1980 2675 2193 2762 quos
2226 2649 2328 2733 ab
2363 2675 2668 2736 eorum

605 2826 606 2829 ¹
726 2799 1325 2847 Ι““,Ι”*“ Ι
1471 2804 1503 2829 Ἣ
1566 2799 1706 2843 ''1'2
1760 2823 1787 2841 ,
1916 2799 1979 2841 4*
2099 2799 2107 2811 ‘
2315 2795 2331 2807 ⁶
2520 2811 2521 2815 ¹
2639 2811 2671 2827 -ι
