3200 4784
271 415 348 491 510
528 384 859 467 Mououiruaa
882 386 1090 487 Vsqsaa
1174 448 1179 463 ..

272 554 386 635 hodie
406 548 529 627 audire
548 551 741 641 volumus,
773 563 895 624 utrum
919 572 1017 623 veras
1040 552 1123 626 fint.
1186 548 1225 626 Si
1252 551 1336 629 enim

273 676 371 729 vera
394 651 474 726 sunt
496 649 568 723 istae
593 650 883 741 criminationes,
910 671 996 742 quas
1015 648 1191 725 Ecclesiae
1211 674 1338 727 memo-

274 770 361 830 ratae
383 753 545 845 objicere
570 747 788 838 consuestis,
814 748 839 821 sr
861 770 938 822 eam
952 752 1170 844 pollutam,
1199 754 1341 827 macula·

275 868 370 943 tam,
397 847 576 936 eversam,
599 847 809 924 destruilam
825 848 859 920 dc
873 848 1085 942 extindlam,
1106 849 1263 943 nescio,
1279 854 1342 943 qui

274 957 342 1031 bus
355 951 485 1027 nostris
501 947 705 1021 criminibus
722 946 966 1023 demonstrare
984 953 1211 1041 potueritis,
1236 950 1344 1046 super·

276 1054 366 1144 erit,
382 1065 424 1125 ut
436 1067 647 1142 quaeramus,
666 1062 786 1120 utrum
805 1046 897 1139 apud
912 1067 981 1120 vos
997 1049 1231 1142 remanserit,
1252 1070 1346 1141 quan

274 1155 410 1244 ubique
427 1144 565 1243 periisse
581 1147 752 1221 clamatis.
785 1146 822 1219 si
837 1161 955 1221 autem
973 1148 1032 1219 illa
1048 1151 1178 1242 perire
1195 1171 1277 1223 non
1292 1172 1348 1247 po·

275 1255 368 1345 tuit,
393 1243 569 1343 superest,
596 1259 638 1317 ut
655 1267 733 1321 eam
750 1266 821 1317 vos
842 1245 1065 1343 agnoscatis,
1093 1248 1128 1322 dr
1159 1250 1269 1324 litem
1285 1266 1349 1324 tan·

276 1355 358 1429 dem
382 1344 573 1441 aliquando
599 1343 743 1421 finiatis.
798 1346 846 1417 Er
867 1347 934 1418 alia
957 1371 1063 1423 manu.
1116 1347 1350 1446 Recognovi.

276 1454 490 1529 Marcesinrrr
513 1451 569 1517 vir
595 1440 781 1534 clarfflmtrr
808 1441 972 1518 Tribunus
992 1446 1032 1522 ὅ
1056 1450 1227 1520 Notarius
1254 1452 1350 1521 dixis.-

276 1548 478 1642 Accepistis
491 1540 781 1637 prosecutionem
795 1545 905 1640 partis
923 1545 1100 1642 adverse,
1127 1551 1196 1622 cui
1214 1547 1350 1644 respon·

275 1653 363 1729 dere
382 1645 582 1744 dignamini.
1314 1682 1327 1715 t

243 1806 247 1817 .
351 1773 410 1846 99.
440 1746 604 1819 Emerita}
630 1743 794 1841 Episcopus
819 1744 935 1817 dixis.-
972 1742 1067 1818 Puto
1095 1745 1350 1840 importunum

275 1848 367 1940 eise,
399 1849 547 1921 alienam
569 1840 704 1917 causam
727 1843 825 1917 velle
848 1842 1066 1934 defendere,
1103 1845 1137 1917 dr
1162 1848 1203 1920 id
1226 1850 1267 1922 in
1288 1871 1350 1922 rne-

276 1951 373 2023 dium
397 1947 583 2042 negotium
604 1945 768 2025 mittere,
804 1943 904 2035 quod
926 1957 1055 2036 praeter
1076 1944 1261 2023 ruborem
1280 1968 1348 2021 non

275 2047 397 2145 potest
415 2045 660 2136 unusquisque
676 2043 749 2116 fine
761 2043 932 2116 mandato
949 2045 984 2116 in
995 2043 1135 2134 iudicio
1162 2050 1349 2123 ventilare

273 2148 414 2225 Possem
431 2146 525 2218 enirn
542 2162 639 2215 nunc
652 2140 801 2214 allerere
818 2141 851 2215 dr
870 2143 1045 2235 clamare,
1073 2143 1257 2220 adversus
1270 2148 1349 2220 illos

273 2242 480 2323 universum
497 2243 623 2315 orbem
636 2239 821 2334 reluctari,
847 2241 967 2316 reniti.
1019 2240 1110 2317 Non
1125 2246 1245 2319 vobis
1262 2268 1350 2321 man·

275 2351 385 2438 davi,
413 2346 457 2418 ab
478 2341 583 2432 hujus
606 2341 825 2436 cognitionis
844 2355 981 2413 eventu
1001 2343 1110 2437 longe
1130 2365 1218 2416 mea
1239 2347 1349 2437 posita

270 2449 327 2524 est
343 2443 572 2520 conscientia.
616 2438 696 2535 Ego
717 2438 874 2534 agnosco
889 2440 1074 2513 visionem.
1114 2444 1349 2539 Quicumque

270 2549 371 2644 justis
391 2543 629 2640 legitimisque
650 2563 693 2612 ex
713 2541 821 2612 causis
842 2539 1059 2612 Christianus
1082 2538 1198 2615 suerit
1221 2565 1349 2638 appro-

274 2653 402 2736 batus,
429 2647 488 2717 ille
509 2662 609 2715 meus
633 2639 683 2713 est
702 2640 936 2728 Catholicae,
964 2643 1011 2711 illi
1031 2642 1104 2710 lroc
1127 2662 1270 2717 nomen
1293 2647 1348 2719 im·

274 2750 438 2845 ponitur,
456 2744 516 2814 ille
534 2743 642 2812 debet
659 2740 718 2811 sibi
735 2741 826 2811 hanc
839 2742 993 2832 regulam
1010 2739 1213 2830 vindicare,
1230 2763 1347 2834 quam·

273 2850 330 2919 vis
353 2845 425 2937 ipsa
442 2841 653 2927 Catholica,
680 2859 757 2926 quae
776 2860 873 2910 nunc
894 2860 961 2931 pro
980 2835 1104 2927 praescr
1120 2842 1255 2931 ptione
1275 2859 1346 2935 para

273 2951 321 3020 tis
337 2941 489 3017 adversae
508 2938 601 3030 quast
623 2941 658 3009 in
676 2936 800 3010 fronte
818 2939 965 3028 quadam
982 2943 1050 3008 rite
1069 2939 1263 3011 adversum
1283 2959 1346 3014 nos

274 3042 464 3137 temperari
485 3034 736 3133 cognoscitur,
762 3038 916 3110 medium
939 3036 1006 3108 elle
1026 3037 1155 3124 debet,
1188 3041 1220 3109 dr
1243 3043 1281 3112 in
1297 3042 1346 3131 ju·

275 3146 372 3221 dicio
388 3144 437 3214 ita
451 3138 640 3227 constitui,
660 3152 701 3206 ut
717 3138 790 3208 hoc
805 3157 939 3209 nomen
957 3135 1071 3206 uislor
1088 3136 1260 3228 accipiat.
1298 3140 1346 3211 ln·

275 3243 405 3337 telligit
421 3237 619 3332 prestantia
639 3253 713 3324 tua,
734 3236 819 3306 nihil
838 3239 942 3307 nobis
962 3236 1004 3306 de
1023 3239 1238 3330 peregrinis,
1259 3239 1346 3312 nihil

274 3346 381 3421 nobis
401 3341 446 3412 de
467 3341 576 3432 longe
596 3335 717 3426 positis
740 3335 959 3424 prejudicat
986 3334 1106 3423 polle,
1142 3354 1226 3409 curn
1253 3343 1345 3411 inter

273 3444 388 3518 Afros
405 3442 478 3514 hoc
494 3439 677 3531 negotium
691 3436 913 3520 ventiletur3
942 3434 998 3505 sed
1015 3435 1122 3529 magis
1142 3434 1220 3507 hoc
1238 3458 1346 3532 expe·

275 3544 383 3633 stari,
408 3553 451 3613 ut
471 3539 685 3629 quicumque
702 3556 745 3605 ex
762 3535 916 3604 veridica
936 3535 1147 3626 cognitione
1162 3536 1279 3608 fuerit
1299 3540 1345 3609 su·

272 3659 448 3737 perotus,
484 3642 514 3708 is
536 3637 579 3708 ab
600 3639 690 3707 orbe
711 3631 875 3704 videatur
898 3632 967 3705 elle
991 3632 1154 3721 soledus.
1212 3636 1345 3709 lntelli·

272 3755 360 3838 gant
382 3731 567 3813 ediverso
592 3735 802 3818 venientes,
831 3733 1139 3824 propositionibus
1157 3732 1296 3809 nostris
1314 3731 1346 3809 se

269 3838 488 3930 respondere
509 3837 668 3922 debere,
700 3847 741 3903 ut
765 3831 939 3905 adstantes
966 3848 1122 3905 autnon
1146 3833 1345 3928 adstantes,

272 3939 356 4031 quid
377 3936 535 4029 personae
558 3945 704 4027 gerant,
740 3931 860 4004 dicere
884 3954 958 4005 non
978 3944 1189 4023 morentur,
1219 3949 1263 4006 ut
1286 3955 1345 4008 eo·

269 4056 351 4114 rum
362 4036 626 4110 intentionibus
641 4029 859 4129 respondere
874 4036 1067 4109 valeamus.
1096 4033 1144 4107 Et
1154 4037 1224 4208 alig
1235 4059 1344 4109 manu.

1220 4156 1297 4212 me·
