3200 4784
394 384 454 443 oe
479 336 885 465 ὓιιιιιιτιιτιιιιιι
908 360 1165 463 Hes-ppnts.
1248 383 1319 465 34⁹

251 526 525 606 Donatistarum
543 506 772 622 Episcopos
763 548 806 601 rn
813 522 951 619 judicio
964 486 1150 603 illustrium
1164 527 1322 621 potesta·
1366 576 1369 583 -
1395 578 1402 588 -

249 646 332 705 tum
347 630 579 702 collatronem
596 622 785 718 postulasse
799 634 877 700 riou
891 627 1037 703 dubrum
1051 626 1112 703 ert
1164 625 1212 701 Et
1224 640 1321 719 quo
1396 638 1399 647 ‘

251 732 349 803 niam
378 729 534 811 libenter
556 724 724 800 assensum
748 728 874 801 tribuit
893 722 1320 821 clementiaprincipaiis,

200 853 218 861 -
252 828 290 901 dt
309 825 513 901 Concilium
536 823 650 913 fieri
641 841 733 900 intra
747 824 907 899 Africam
931 824 1144 901 universale
1152 826 1322 901 decrevit

252 929 441 1019 utriusque
462 927 572 1019 partis
594 927 697 1017 juxta
715 923 967 1020 poscentibus,
994 928 1076 999 huic
1091 947 1148 999 me
1166 924 1320 1016 disputa·

251 1026 348 1099 tioni
374 1026 538 1119 principe
561 1027 649 1097 ioco
669 1025 827 1117 Judicem
853 1026 973 1097 voluit
994 1014 1155 1101 ιε’1ιι1ειε
1207 1023 1319 1099 Unde

252 1121 403 1198 cundos
423 1145 493 1217 per
509 1123 668 1198 Africam
691 1140 763 1197 tam
779 1123 978 1199 Catholicae
993 1145 1096 1216 qtram
1113 1126 1223 1217 partis
1239 1124 1321 1197 Do·

251 1227 405 1299 natianae
430 1222 630 1317 Episcopos
658 1224 763 1316 hujus
791 1214 896 1297 edisti
922 1238 1053 1297 tenore
1080 1242 1320 1319 commone0,

251 1337 296 1396 ut
315 1324 408 1397 intra
426 1337 567 1416 tempus
588 1326 666 1420 lege
684 1310 948 1416 praescriptum,
974 1323 1010 1395 id
1028 1320 1098 1417 est,
1124 1326 1217 1397 intra
1235 1342 1320 1415 qua·

251 1436 340 1496 tuor
356 1420 515 1511 menses,
543 1424 602 1514 qui
619 1424 693 1497 dies
716 1424 811 1495 intra
830 1422 924 1499 diem
938 1420 1177 1497 Kalendarum
1194 1423 1318 1517 Junia

251 1542 332 1596 rum
356 1521 430 1595 stne
455 1523 566 1595 dubio
587 1523 852 1615 concludetur,
884 1520 928 1595 ad
953 1522 1140 1599 civitatem
1166 1522 1319 1619 splendi-

251 1621 333 1695 dam
354 1618 665 1714 Carthaginensem
684 1621 839 1694 concilii
864 1619 1017 1699 faciendi
1038 1624 1151 1717 gratia
1178 1642 1319 1696 conve-

251 1722 332 1794 nire
348 1739 422 1794 non
441 1718 626 1812 differant,
646 1741 694 1793 ne
708 1741 784 1793 eam
800 1734 937 1813 partem
954 1720 1144 1794 demerito
1160 1722 1319 1816 propriae
1336 1736 1338 1741 ⁴

252 1817 337 1892 fidei
358 1831 554 1913 appareat,
585 1818 774 1911 judicasse,
801 1839 905 1911 quam
929 1816 1076 1895 defuisse
1100 1822 1317 1895 constiterit.

224 1982 232 1991 .
252 1916 453 1993 Universos
470 1920 577 1992 etiam
598 1918 801 1994 cundarum
819 1916 1093 1994 Provinciarum
1114 1916 1317 2015 tutatores,

251 2015 513 2113 magistratus,
534 2017 721 2093 &ordinis
747 2019 869 2109 viros,
901 2038 1070 2094 necnon
1098 2019 1317 2114 densiores,

249 2132 530 2209 procuratores,
560 2119 618 2190 vei
636 2118 792 2192 seniores
815 2118 1030 2215 singulorum
1050 2119 1216 2193 locorum
1238 2120 1338 2211 pari.

251 2215 501 2291 admonitione
525 2221 734 2311 convenio,
770 2214 831 2291 sub
860 2218 1014 2311 proprie
1044 2217 1317 2293 existimationis

251 2314 430 2410 dignitatis
446 2331 547 2390 reatu
563 2315 752 2409 salutisque
770 2319 954 2409 periculo,
980 2330 1155 2431 quatenus
1174 2318 1210 2391 in
1228 2317 1319 2389 civi·

251 2416 383 2489 tatibus
401 2416 615 2507 locisque,
606 2418 782 2509 inquibus
802 2414 1015 2506 consistunt,
1033 2416 1218 2504 utriusque
1236 2430 1334 2508 par-‘-

251 2515 296 2587 tis
314 2511 514 2606 Episcopus
532 2515 753 2603 convenire,
772 2516 833 2585 vei
848 2512 910 2585 sub
927 2513 1119 2603 cujuslibet
1135 2510 1315 2607 seripturae

245 2612 475 2685 documento
497 2612 677 2701 exstante,
704 2609 890 2685 festinent:
917 2610 968 2684 ita
984 2610 1208 2707 utfiipsoxin
1226 2630 1317 2687 tem·

249 2731 343 2803 pore
360 2714 398 2782 in
413 2712 620 2783 civitatibus
637 2729 712 2781 non
731 2709 918 2800 potuerint
935 2710 1118 2803 inveniri,
1150 2732 1214 2805 per
1231 2733 1316 2789 rura

247 2810 357 2880 etiarn
374 2808 571 2899 perquisitis
587 2822 657 2881 tam
674 2807 865 2903 imperialis
880 2811 1049 2902 praecepti
1063 2807 1192 2903 forma,
1208 2833 1315 2904 quam

250 2921 359 2979 tenor
375 2907 479 2997 hujus
493 2906 694 2980 innotescat
710 2905 828 2995 edisti,
847 2923 1022 2999 quatenus
1036 2909 1129 2984 intra
1144 2911 1213 2985 hoa
1230 2906 1315 3004 qua·
1387 2950 1390 2957 ν

250 3019 338 3079 tuor
360 3004 497 3079 menses
528 3007 692 3081 ordinum
720 3007 907 3081 relatione
927 3006 1143 3103 cognoscam
1168 3010 1317 3106 singula·

248 3125 329 3178 rum
354 3107 507 3197 partium
534 3109 772 3183 voluntatem.
824 3104 916 3181 iliud
943 3109 1049 3184 etiam
1077 3104 1164 3183 scire
1188 3109 1315 3185 Dona·
1358 3144 1364 3153 ·

249 3204 356 3275 tienae
378 3208 487 3296 partis
512 3204 710 3301 Episcopus
732 3206 849 3297 volo,
876 3205 901 3281 ss
928 3210 1006 3298 quis
1031 3227 1158 3299 eorum
1184 3208 1316 3283 affutu·
1341 3222 1348 3237 '

247 3321 327 3376 tum
345 3302 380 3375 se
398 3302 466 3377 esse
486 3305 732 3401 responderit,
759 3302 953 3380 Ecclesram
971 3308 1034 3381 srbi
1053 3308 1215 3399 primitus
1230 3328 1335 3385 cum.

251 3402 350 3477 omni
367 3404 447 3496 jure
470 3402 553 3496 suo,
586 3426 662 3497 quar
685 3404 782 3479 sorte
802 3427 822 3476 a
843 3404 1042 3481 Catholicis
1060 3406 1162 3497 juxta
1183 3427 1316 3497 praece·

248 3516 351 3594 ptum
374 3504 559 3594 imperiale
582 3506 777 3595 retinetur,
815 3504 889 3578 srne
912 3505 1028 3595 aliqua
1050 3504 1224 3577 dilatione
1247 3524 1315 3601 pet

249 3603 350 3673 viros
377 3602 511 3673 ordinis
539 3622 625 3675 mox
648 3602 868 3691 tradendam.
920 3603 955 3675 Si
982 3621 1073 3675 vero
1098 3600 1224 3679 omnes
1251 3604 1314 3681 vel

249 3699 372 3794 singuli
398 3702 434 3773 in
459 3702 551 3772 loeis
573 3702 640 3773 suis
662 3700 767 3794 postti
782 3701 817 3773 se
832 3697 1020 3775 adfuturos
1035 3698 1104 3773 esse
1118 3701 1314 3793 responde-

249 3800 344 3892 rint,
371 3798 405 3873 tr
428 3795 839 3893 scelerationes,
873 3821 949 3892 quae
972 3820 1099 3874 eorum
1123 3796 1224 3876 fuisse
1252 3805 1315 3879 vel

243 3918 313 3985 eos
339 3897 487 3971 tenuisse
512 3896 735 3989 constiterit,
762 3920 826 3992 per
849 3896 1125 3997 supradictorum
1145 3902 1313 3981 ordinum

248 3995 447 4075 instantiam
471 4017 598 4079 eorum
616 4000 690 4095 juri
716 3999 950 4094 dominioque
970 3998 1175 4096 reddenda,
1198 4015 1241 4166 ιζι
1258 4022 1317 4074 re
1384 4086 1390 4099 ,

1222 4115 1287 4164 ffi-

769 4208 773 4263 Ι
835 4240 844 4259 ι
