3200 4784
472 391 477 404 '
526 351 727 492 348‘
1000 387 1678 472 *Mortuus-‚nra
1738 391 2154 471 Vir-rena

525 578 735 650 care,
784 567 870 630 ut
898 557 1338 653 negligentes
1375 559 1629 650 puniat
1660 556 1868 652 digna
1897 551 2278 630 correctio.
2391 549 2658 630 Omnia

520 655 726 747 sane,
766 677 919 748 quae
948 659 1068 730 vel
1102 660 1175 729 in
1204 669 1423 758 unum
1457 653 1828 768 Episcopis
1867 655 2314 749 congregatis
2349 652 2662 748 disputa·

510 757 632 834 ,tio
676 759 1037 848 completa
1083 754 1516 834 firmaverit,
1578 757 1704 827 vel
1731 752 2230 854 'defistentibus
2276 753 2489 828 forte
2537 754 2664 828 sta·

517 858 748 929 tuerit
772 857 957 928 circa
984 868 1446 928 contumaces
1474 856 1616 928 lata
1641 854 1992 927 sententia
2012 905 2037 944 ‚
2067 868 2140 925 te
2166 851 2450 927 referre
2485 874 2662 928 con·

516 956 770 1028 veniet
798 1007 820 1044 ,
874 969 955 1028 ut
997 955 1162 1048 quid
1209 954 1294 1027 ad
1342 952 1902 1028 confirmandam
1940 950 2396 1026 Catholicarn
2441 950 2657 1028 fidem

435 1079 439 1084 ·
516 1056 919 1149 praeceptio
952 1053 1193 1128 nostra
1235 1055 1675 1148 profecerit,
1723 1053 2023 1126 celerius
2065 1051 2402 1146 poffimus
2437 1073 2658 1149 agno-

515 1151 739 1244 scere.
792 1157 885 1226 Ee
908 1157 1138 1225 divina
1164 1179 1377 1232 manu.
1432 1156 1621 1228 Vale
1644 1152 2070 1227 Marcelline
2101 1150 2498 1225 chariffirne
2527 1172 2658 1226 no-

514 1254 695 1428 Ιέἰεὲ
757 1252 947 1426 Dsata
976 1255 1203 1351 pridie
1241 1254 1406 1331 Idus
1440 1254 1780 1329 Octobris
1812 1253 2180 1326 Ravennae
2219 1253 2524 1330 Varane
2557 1252 2651 1327 V.

585 1408 613 1429 ..
699 1371 796 1426 on
830 1354 970 1431 ule.
1879 1389 1886 1396 ·

670 1457 1088 1526 MarceBinur
1128 1457 1242 1524 vir
1291 1450 1670 1542 clariffimus
1704 1449 2029 1527 Tribunus
2067 1449 2146 1527 (9¹
2187 1453 2537 1542 Notarius=
2567 1452 2656 1520 di-

513 1556 663 1626 xit,-
713 1554 1045 1626 Recitata
1078 1555 1509 1626 venerabilis
1555 1557 1673 1627 lex
1713 1553 1917 1649 gestis
1958 1551 2428 1645 praesentibus
2479 1546 2652 1624 inse-

510 1665 752 1740 ratur,
808 1656 1007 1744 cujus
1038 1650 1365 1725 definitio
1396 1654 1773 1727 evidenter
1804 1653 2167 1746 apparuit,
2221 1650 2423 1722 unde
2453 1670 2652 1724 nunc

513 1752 913 1826 ediRorum
948 1771 1269 1825 meorum
1307 1771 1435 1844 per
1471 1754 1800 1828 ordinem
1842 1754 2073 1825 forma
2103 1750 2487 1824 recitetur.

667 1867 734 1939 5.
792 1853 1138 1922 Martialis
1161 1870 1439 1949 exceptor
1461 1856 1760 1925 recitavit
1775 1879 1797 1921 .·
1849 1852 2045 1947 Quid
2070 1849 2652 1924 clementiffimus

509 1947 854 2042 Princeps
916 1950 1278 2024 Dominus
1333 1952 1576 2027 noster
1622 1954 2000 2030 Honorius
2056 1971 2189 2044 pro
2238 1947 2646 2022 Catholicae

509 2046 682 2124 fidei
720 2045 1275 2126 confirmatione
1317 2053 1768 2144 decreverit,
1835 2050 2314 2124 antelatorum
2354 2051 2646 2140 apicum

510 2159 779 2222 tenore
830 2149 1305 2222 monstratur:
1376 2153 1807 2246 legationem
1865 2150 2201 2241 liquidem
2260 2149 2642 2248 venerabi-

508 2245 684 2350 lium
722 2244 1242 2342 Episcoporum
1276 2247 1584 2324 libenter
1615 2250 1965 2343 accipiens
2002 2244 2494 2322 Africam-suo
2531 2248 2645 2321 de-

507 2353 765 2421 votam
807 2346 1079 2442 semper
1124 2350 1426 2443 imperio
1463 2353 1669 2423 vario
1716 2351 2139 2445 religionum
2183 2368 2454 2443 genere
2499 2349 2646 2419 diu·

476 2450 655 2534 ‚tius
701 2448 1077 2540 inquietari
1122 2449 1674 2542 decolorarique
1714 2470 1864 2522 non
1905 2448 2132 2541 pass'us
2185 2445 2334 2535 est3
2395 2440 2638 2519 studio

507 2563 821 2637 namque
864 2551 1057 2640 pacis
1088 2549 1154 2621 δι
1184 2546 1350 2623 fidei
1382 2564 1750 2623 tantorum
1785 2548 2041 2621 diffidia
2069 2548 2518 2640 populorum
2549 2566 2642 2618 ex

507 2648 800 2738 antiqua
853 2647 1301 2740 persuasione
1352 2650 1722 2722 venientia
1772 2648 2095 2720 veritatis
2137 2649 2379 2719 voluit
2413 2646 2636 2718 mani-

502 2745 890 2819 festatione
934 2746 1194 2839 fedari,
1246 2762 1366 2827 ut,
1422 2771 1603 2839 quus
1659 2747 1891 2819 sedare
1939 2747 2447 2839 principalibus
2487 2767 2523 2815 a
2563 2742 2635 2815 se
