3200 4784
422 454 483 509 oe
507 392 915 507 Donartsiaaunr
941 429 1198 508 Hrsaontn.
1248 454 1348 532 ⁴595

276 597 456 673 Verinum
473 593 678 686 Vicarium,
712 607 753 666 ut
772 596 889 666 libero
910 614 975 665 eos
1001 592 1156 667 dimittat
1178 592 1344 688 arbitri0,

275 697 316 781 se
333 694 459 790 jussisse
480 695 674 784 insinuans,
707 708 747 765 ut
770 695 815 766 dc
832 694 940 766 exilio
955 710 1177 793 remearent3
1212 698 1249 767 in
1268 697 1345 786 qui·

272 792 348 872 bus
373 797 500 868 litteris
523 792 844 866 Constantinus-stc
865 812 928 865 eos
950 793 1167 885 detestatur,
1192 811 1232 865 ut
1255 796 1345 869 nihil

275 899 338 972 illa
359 895 578 990 indulgentia
596 894 699 986 poilrt
719 891 914 966 deformius
932 893 1098 965 inveniri.
1149 896 1255 990 Quos
1274 895 1342 967 uti-

279 1017 352 1087 que
370 1016 445 1067 non
465 999 514 1067 ita
533 990 721 1085 culpasset,
755 990 814 1064 sed
830 995 938 1086 magis
956 990 1145 1084 laudasset,
1178 993 1201 1066 sr
1223 997 1266 1091 ab
1289 997 1341 1069 eis

279 1095 494 1167 Caecilianus
510 1097 602 1186 apud
621 1094 717 1164 illum
734 1088 846 1163 vidlus'
864 1094 907 1163 ab
925 1112 1044 1181 eoque
1065 1092 1248 1166 damnatus
1264 1094 1341 1179 Bri·

276 1198 347 1268 xiae
361 1197 589 1289 relegaretur.
643 1191 699 1262 Ac
714 1211 777 1282 per
792 1192 864 1264 hoc
878 1188 939 1262 ista
953 1207 1080 1261 contra
1096 1189 1131 1264 se
1147 1190 1240 1284 ipsos
1259 1213 1342 1285 pro·

275 1292 438 1383 serentes
464 1308 569 1382 atque
593 1293 809 1376 recitantes,
843 1292 912 1362 &a
933 1287 1124 1363 Caeciliano
1150 1289 1185 1364 se
1202 1288 1342 1385 supera·

244 1468 246 1475 ,
274 1408 340 1466 tos
356 1393 543 1465 memorari
561 1391 789 1481 lmperatoris
802 1388 940 1481 judicio
956 1386 1223 1464 manifestiffime
1239 1413 1341 1465 mon·

243 1532 252 1587 3,
276 1491 505 1583 straverunt,
527 1487 666 1562 &suam
685 1488 890 1579 salsitatem,
910 1508 977 1579 qua
991 1509 1070 1565 eum
1086 1488 1255 1564 dicebant
1271 1490 1341 1566 elle

243 1597 249 1682 ⁴,
276 1594 504 1678 damnatum,
527 1585 733 1679 apertisime
749 1591 1001 1660 convicerunt.
1055 1584 1341 1679 EcquiaCatho·

243 1732 250 1785 ὃ
277 1693 373 1765 licos
391 1691 675 1781 persecutionem
693 1685 837 1777 facere,
864 1684 898 1758 se
911 1703 1030 1761 autern
1048 1690 1121 1779 pati
1139 1691 1343 1783 gloriaban-

279 1804 364 1881 tur,
392 1786 618 1861 Caecilianum
636 1804 754 1861 tamen
773 1805 838 1879 per
856 1786 929 1858 suas
953 1786 1075 1859 accusa
1096 1791 1197 1862 'ones
1217 1790 1259 1862 ab
1277 1794 1343 1865 lm·
1398 1802 1400 1807 '

243 1902 449 1985 ,peratore
475 1887 677 1963 damnatum
704 1890 810 1960 etiarn
837 1884 923 1958 falso
956 1888 1047 1981 glori
1071 1892 1098 1958 ri
1132 1891 1341 1966 voluerunt.

243 2017 254 2089 3
279 1989 349 2065 His
365 1990 484 2077 itaque
498 1990 658 2060 recitatis
678 2006 757 2059 cum
770 1986 948 2058 Catholici
961 1986 1018 2058 dic
1042 2002 1140 2076 rent,
1168 1978 1342 2086 &cogni-

244 2101 400 2183 ,torem
418 2088 579 2159 breviter
601 2088 859 2173 admonerent,
887 2087 987 2175 quod
1004 2086 1112 2159 etia'm
1126 2088 1199 2181 ipse
1219 2110 1341 2162 cerne·

243 2232 257 2287 3
279 2188 365 2278 bat,
397 2206 464 2280 pro
486 2185 619 2277 scilla,
646 2186 720 2258 hoc
738 2184 809 2277 est,
834 2188 903 2278 bro
922 2186 1130 2260 innocentia
1149 2182 1343 2281 ceciliani,

243 2332 259 2388 3
282 2301 412 2383 contra
436 2287 518 2359 illos
541 2284 640 2360 fuille
662 2286 833 2377 recitata,
868 2286 996 2358 &hdc
1019 2286 1112 2358 idem
1138 2290 1243 2360 etiam
1268 2287 1341 2377 ipse

243 2434 259 2489 3
281 2370 400 2459 fuisset
420 2390 684 2477 interlocutus,
719 2383 918 2457 Donatistae
939 2381 1200 2474 responderunt
1225 2388 1343 2460 dicen-

243 2514 260 2567 ,ι
281 2498 356 2559 tes:
388 2487 545 2557 Delibero
561 2488 698 2555 arbitrio
712 2485 800 2552 nihil
816 2486 894 2552 dicit
906 2482 1035 2576 poteslas
1050 2498 1117 2551 tua.
1148 2482 1234 2556 Hoc
1249 2490 1341 2561 enim

243 2570 450 2709 ,putantes
476 2582 665 2656 secu'ndum
696 2579 920 2652 Constantini
948 2582 1084 2652 litteras
1111 2577 1172 2654 srbi
1200 2582 1344 2675 possea

243 2681 453 2789 gpraesente
470 2685 662 2776 cognitore
679 2679 853 2770 concedi,
880 2700 937 2750 eas
948 2682 1063 2754 etiam
1081 2695 1209 2754 contra
1227 2681 1343 2777 septo

245 2830 263 2891 ι
285 2779 464 2853 Caeciliani
482 2775 581 2851 causa
598 2777 797 2851 recitandas
819 2776 1120 2852 existimaverunt.
1133 2816 1152 2851 x
1172 2783 1243 2855 llic
1264 2800 1345 2857 cum

255 2908 263 2987 ι
283 2880 336 2953 eis
357 2880 526 2973 cognitor
544 2875 798 2970 respondisset,
834 2879 925 2950 aliud
950 2879 1011 2953 stbi
1035 2874 1105 2951 else
1126 2900 1146 2953 a
1166 2880 1345 2974 praesentis

244 3016 267 3088 ,-
282 2980 459 3070 temporis
492 2979 712 3073 Imperatore
746 2992 988 3071 praeceptum,
1023 2980 1142 3073 ierunt
1175 2980 1211 3054 in
1239 2984 1345 3076 aliud,

243 3114 267 3195 a?
284 3076 394 3171 quod
409 3093 537 3151 contra
562 3077 595 3151 se
619 3077 814 3151 identidem
838 3080 954 3151 multo
977 3076 1170 3155 mirabilius
1185 3085 1347 3175 protule-

243 3224 261 3277 ··.
283 3194 421 3273 runt..
545 3260 547 3265 ,
912 3227 919 3239 -

243 3278 269 3351 ἰ
307 3296 311 3305 ’
352 3279 437 3370 cap.
451 3277 531 3347 XX
536 3278 596 3351 Ill.
610 3274 873 3357 Recitaverunt
882 3275 991 3365 'etiam
1006 3276 1088 3352 alias
1104 3279 1240 3351 litteras
1256 3278 1347 3370 ejus·

243 3334 365 3493 :dem
384 3374 608 3449 Constantini
629 3376 859 3468 Imperatoris
885 3377 928 3449 ad
950 3376 1164 3452 Probianum
1186 3375 1346 3454 Procon-

251 3527 254 3537 ·
282 3471 393 3553 sulem
420 3477 543 3573 datas,
578 3496 655 3566 quae
679 3477 818 3565 quidem
847 3472 1018 3549 Consules
1046 3499 1121 3551 non
1155 3479 1333 3552 habebant

243 3534 345 3653 a-sed
373 3575 470 3661 nihil¹
485 3574 577 3667 quast
604 3574 649 3647 de
673 3574 878 3667 objeblione
898 3580 1019 3648 mutua
1040 3574 1218 3650 Catholici
1242 3532 1349 3673 agere}

267 3676 506 3762 ·voluerunt;
534 3677 695 3765 quamvis
717 3674 750 3745 ta
769 3677 856 3748 hinc
873 3673 907 3748 se
929 3673 1023 3767 ipsos
1045 3676 1240 3750 Donatistae
1263 3698 1350 3752 con·

243 3736 265 3903 Ξ,
285 3776 621 3874 vincerent,quam
640 3769 857 3848 calumniose
870 3772 1067 3848 Catholicis
1082 3777 1117 3847 id
1131 3778 1350 3872 objecerint,

251 3946 254 3959 ,
288 3892 370 3949 curn
393 3874 493 3969 prior
515 3873 697 3965 chartula,
733 3892 777 3945 ex
803 3894 871 3966 qua
895 3878 1083 3947 recitatum
1107 3874 1157 3948 est
1177 3877 1349 3970 judicium

243 3950 270 4039 ''-
288 3970 540 4068 Constantini,
576 3990 649 4065 quo
674 3970 856 4072 absolutus
877 3971 928 4046 est
949 3971 1180 4069 Caedimus,
1216 3976 1350 4050 Consu·

243 4042 260 4131 ⁸-
287 4076 350 4149 les.
365 4093 442 4149 non
458 4073 629 4153 haberet,
663 4071 724 4167 qui
742 4086 862 4147 tamen
878 4091 966 4148 mon
984 4074 1022 4149 ln
1042 4076 1109 4150 alia
1127 4076 1290 4151 chartula
1302 4077 1355 4145 in·

243 4140 265 4295 ἒ.
791 4168 851 4271 Pp
878 4193 928 4248 2·
1237 4186 1335 4234 xtem-
