3200 4784
514 427 613 512 a
704 439 712 446 ·
1236 418 1624 516 Orrrrj
1683 367 1940 498 Arar.

511 583 725 664 Bene·
762 584 977 682 igitur
1027 580 1319 654 laudasti
1372 578 1736 675 baptisma.
1858 581 2044 678 Quis
2102 583 2290 660 enim
2337 579 2660 667 fidelium

514 686 827 786 nesciat,
860 682 1203 778 singulare·
1237 681 1624 774 baptisma,
1666 683 2016 757 virtutum
2054 682 2194 758 ess'e
2227 685 2488 775 vitam,
2522 692 2661 762 cri-

515 790 787 865 minum
842 799 1199 873 mortem,
1265 782 1724 854 nativitatem
1767 784 2290 878 immortalem,
2357 787 2663 864 coelestis

516 888 719 982 regni
750 884 1401 974 comparationem,
1454 881 1896 954 innocentiae
1924 898 2263 978 portum,
2316 904 2659 978 peccato-

505 1007 680 1062 .1·um
722 982 844 1079 (ut
884 983 952 1053 δι
999 997 1079 1053 tu
1127 978 1398 1076 dixisti)
1440 979 1907 1075 naufragium.
2011 983 2161 1056 Has
2212 1004 2329 1058 res
2385 986 2661 1059 unicui-

517 1109 661 1179 que
706 1082 1076 1170 credenti,
1132 1103 1280 1153 non
1329 1080 1648 1170 eJ'usdem
1699 1083 1803 1153 rei
1855 1086 2274 1179 operarius,
2344 1082 2464 1162 sed
2511 1107 2666 1162 cre·

474 1175 481 1182 ’
515 1187 751 1262 dentis
794 1177 972 1253 fid'es
1011 1181 1077 1252 ὅτ
1114 1179 1434 1252 Trinitas
1470 1177 1773 1270 praestat.

674 1306 738 1358 2.
813 1281 1090 1353 Deinde
1122 1280 1371 1370 quaeris
1396 1331 1421 1367 ,
1466 1279 1637 1369 quid
1663 1281 1734 1352 in
1775 1280 1986 1354 laude
2018 1279 2451 1374 baptismatis
2481 1306 2664 1359 con-

514 1392 630 1460 tra
669 1402 811 1453 vos
854 1378 1171 1453 dixeris?
1228 1378 1462 1466 Audi3
1518 1375 1638 1449 sed
1685 1380 1879 1470 prius
1931 1380 2034 1454 est
2073 1381 2406 1474 fatearis,
2458 1386 2660 1476 quod

520 1495 777 1560 omnes
832 1496 1093 1577 negare
1132 1481 1423 1553 minime
1466 1479 1846 1571 poteriti8.'
1963 1481 2224 1554 Dicitis
2268 1475 2456 1556 enim
2488 1483 2660 1557 Tri-

512 1588 819 1662 nitatem
869 1599 1009 1671 pro
1054 1580 1281 1652 nihilo
1327 1577 1633 1666 haberi,
1693 1579 1813 1650 ubi
1865 1597 2022 1654 non
2073 1581 2486 1656 interfuerit
2526 1606 2659 1660 ve·

514 1684 656 1760 stra
692 1676 1080 1775 praesentia.
1184 1678 1254 1748 Si
1287 1676 1499 1748 nobis
1539 1678 1951 1773 derogatis,
2005 1683 2126 1753 vel
2163 1681 2402 1758 Deum
2444 1703 2656 1757 reve-

512 1783 815 1868 remini,
869 1781 987 1872 qui
1026 1779 1099 1850 in
1129 1775 1492 1849 'l'rinitate
1534 1779 1733 1870 prior
1776 1776 1912 1851 este
1966 1780 2084 1870 qui
2123 1799 2286 1855 cum
2324 1780 2490 1856 filio·
2518 1782 2651 1858 suo

486 1884 590 1956 ’δι
623 1881 888 1972 Spiritu
927 1877 1186 1955 Sancto
1236 1880 1479 1950 omnia
1520 1892 1862 1969 operatur
1906 1877 1971 1949 &
2013 1883 2380 1974 complet,
2435 1885 2653 1963 etiam

517 1983 588 2056 Gt
641 1983 785 2054 illic
834 1982 1159 2070 ubi·non
1214 1975 1434 2048 fuerit
1478 1975 1786 2049 humana
1824 1976 2150 2071 persona.
2264 1979 2388 2054 Tu
2435 2003 2654 2075 νει-ο,

516 2081 744 2158 frater
780 2077 1280 2168 Parmeniane,
1331 2078 1404 2148 in
1437 2077 1647 2148 laude
1685 2095 1880 2166 aquae
1914 2078 2003 2149 de
2038 2080 2509 2154 Genefiorum
2553 2084 2656 2154 le-

520 2176 1077 2256 fflonedixisti.
1144 2196 1356 2267 aquas
1397 2177 1696 2267 primum
1747 2176 1956 2247 vivas
2007 2180 2266 2252 animas
2317 2178 2652 2255 edidiss'e:

517 2279 844 2369 nunquid
879 2276 992 2349 sua
1020 2273 1278 2368 sponte
1307 2295 1424 2347 eas
1451 2294 1798 2371 generare
1816 2276 2282 2364 potueruut?
2323 2282 2652 2369 nunquid

516 2401 675 2459 non
716 2379 784 2451 ὅτ
837 2379 985 2449 illic
1024 2375 1261 2450 fuerat
1294 2387 1455 2447 tota
1496 2373 1870 2448 Trinitas?
1933 2378 2184 2467 utique
2219 2378 2287 2450 δι
2313 2379 2463 2450 -illic
2498 2377 2657 2451 fue-

516 2496 634 2558 tat
680 2479 883 2551 Deus
928 2490 1171 2571 pater,
1242 2476 1360 2566 qui
1395 2474 1652 2568 jubere
1690 2474 2013 2569 dignatus
2053 2476 2204 2569 est,
2273 2481 2390 2569 qui
2433 2478 2657 2553 dixit:

522 2583 830 2657 Educant
866 2606 907 2648 a
954 2601 1044 2647 ιω
1075 2575 1395 2648 natamia'
1420 2577 1496 2651 U
1530 2575 1869 2667 volatilia,
1921 2573 1998 2652 &⁹
2001 2602 2052 2652 c.
2155 2578 2381 2672 Quod
2416 2577 2466 2651 fi
2507 2577 2655 2654 fine

970 2689 1125 2750 eret
1154 2675 1350 2768 quod
1378 2671 1638 2748 factum
1676 2672 1819 2759 est,
1877 2675 2150 2749 diceret
2169 2678 2413 2766 ,Deusg
2469 2679 2655 2770 Edu-

1038 2815 1054 2843 ι
1238 2831 1246 2839 „
1354 2807 1366 2815 ³
1474 2807 1498 2839 1
1711 2834 1712 2837 ,
1871 2803 1947 2841 *,
2035 2807 2086 2835 Ι-
2199 2807 2219 2839 1
2296 2800 2607 2840 fini-³

522 2692 882 2775 operante
1643 2775 1655 2787 Ι

529 2816 530 2819 n
575 2824 577 2826 ,
630 2819 638 2823 ,
1575 2807 1591 2843 ,
1651 2828 1652 2831 n
