3200 4784
1186 443 1192 500 :
1208 419 1336 521 xxm

257 582 553 695 scriptionem,
580 609 680 698 quaa
692 583 848 670 civium
867 581 918 674 de
933 606 1104 670 mortuo
1124 589 1214 672 cive
1231 589 1337 696 judi·

265 703 381 798 cium
405 704 629 811 exprimat,
660 697 772 783 volo.
847 699 940 811 Ego
965 699 1136 812 quidem
1162 700 1336 813 splendi-

264 812 362 899 dius
378 814 475 899 mihi
491 835 823 898 monumentum.
835 840 919 896 non
936 837 1051 926 opta,
1073 841 1199 927 quam
1218 818 1335 929 quod

257 956 326 1013 ax
342 927 450 1012 ltalia
466 926 601 1016 redux
617 925 731 1042 apud
745 925 1000 1030 Tirolenses‚
1036 928 1172 1036 nescio
1188 958 1278 1045 quo
1292 938 1337 1019 in

273 1069 401 1155 pago,
432 1042 530 1132 vidi.
736 1119 739 1124 .
1093 1115 1097 1124 .

273 1259 279 1268 ι
353 1157 580 1274 'Temporis
609 1151 779 1246 fallendi
807 1155 875 1240 vel
905 1154 1039 1241 nescio
1077 1155 1180 1269 quid
1208 1159 1336 1246 medi·
1403 1213 1408 1268 ς

260 1268 544 1376 ¹tandi-causa,
576 1268 710 1356 donec
736 1274 834 1386 equi
859 1269 1145 1372 reficerentur,
1175 1274 1338 1362 Coeme·
1385 1295 1388 1306 '

267 1387 443 1487 terium,
475 1383 601 1502 quod·
618 1382 730 1470 haud
746 1383 893 1497 procul
910 1411 931 1469 a
947 1384 1171 1470 diversorio
1187 1384 1338 1491 fuerat,

267 1497 496 1614 ingrellus,
526 1502 571 1586 in
601 1499 821 1612 conspicuo
848 1498 943 1604 loco
968 1498 1340 1615 calvariamdepre·

268 1612 413 1702 hendo
437 1618 545 1703 inter
571 1611 672 1700 duas
699 1613 796 1705 alias,
818 1607 1024 1715 madiam,
1060 1613 1177 1724 cujus
1206 1611 1339 1703 fronti
1414 1649 1417 1658 ·

268 1729 497 1816 trabalibus
530 1728 677 1814 litteris
712 1727 955 1838 inscriptum
992 1753 1076 1811 erat
1108 1728 1339 1819 demortuae

268 1842 424 1929 nobilis
444 1840 616 1932 foemine
635 1869 792 1928 nomen
814 1869 911 1928 cum
930 1843 1010 1928 hoc
1024 1843 1170 1928 illustri
1187 1872 1338 1959 cogno·

271 1959 408 2045 mine:
429 1958 581 2045 Mater
593 1982 823 2067 pauperum.
1130 1987 1132 1992 ·
1274 2009 1279 2024 ι
1396 2005 1404 2020 1

359 2072 492 2164 Huic,
521 2061 572 2158 de
595 2097 683 2184 quo
706 2071 881 2184 loquor,
910 2068 1076 2156 confilio
1100 2069 1338 2160 meditando

260 2184 500 2292 ·immersu8‚
519 2184 684 2273 tandem
700 2183 751 2274 ad
762 2183 970 2299 ,religiosa
988 2211 1089 2269 meae
1105 2192 1337 2301 peregrina-

272 2301 406 2401 tioniS,
422 2301 498 2411 piis
517 2298 707 2388 manibus
724 2296 896 2401 devota,
911 2321 1065 2383 metam
1115 2306 1270 2402 erveni,
1287 2300 1340 2386 ad
1415 2399 1417 2406 ,

261 2435 596 2500 monumentum
612 2411 851 2515 Gallischio‚
886 2418 1050 2525 optimae
1074 2325 1158 2525 (gei
1180 2414 1340 2525 juveni,
1360 2475 1369 2504 l
1417 2409 1419 2416 ’

273 2523 367 2640 jam·
379 2526 599 2640 appolinea
623 2524 760 2612 laurea
777 2526 928 2616 decoro
945 2554 967 2612 a
982 2523 1180 2614 fratribus
1199 2530 1341 2614 Mura-

274 2640 437 2729 toribus
459 2642 500 2723 in
528 2638 587 2728 sui
612 2636 768 2727 sacrarii
791 2641 905 2729 aditu
927 2644 1034 2724 inter
1048 2642 1208 2728 arbusta
1225 2643 1343 2742 arbo·
1418 2726 1422 2733 .

273 2779 428 2870 resque
441 2753 643 2840 mellum.
700 2752 1343 2869 Hocquoquevisobeneomni·

270 2868 356 2958 bus
381 2864 589 2955 defunffis
613 2890 805 2981 precatus
833 2865 943 2982 quafi
967 2867 1222 2956 voto-soluto
1247 2897 1343 2986 pan·

272 2980 495 3071 dochaeum
513 3003 624 3093 peto,
735 3049 745 3062 .
984 3055 988 3066 .

311 3099 317 3130 ’
360 3093 442 3182 Sed
466 3091 607 3183 neseio.
626 3119 714 3210 quo
742 3093 855 3196 casu,
892 3093 959 3179 vel
991 3093 1113 3204 cujus
1144 3097 1253 3209 genii
1277 3125 1343 3184 oc·

274 3208 391 3299 culto
421 3212 585 3298 monitu
622 3234 699 3324 per
726 3210 923 3318 ambages
952 3205 1080 3296 Baufii
1109 3215 1216 3297 aedes
1242 3237 1343 3323 prae·

260 3323 420 3424 aereo,
457 3322 678 3438 ipsumque
704 3320 873 3410 invisere
904 3323 1048 3410 statuo.
1113 3326 1195 3412 Cui
1219 3324 1345 3436 paulo
1392 3353 1399 3364 ·

274 3462 370 3525 ante
397 3436 713 3538 condolueram,
746 3436 810 3524 ad·
821 3434 912 3523 filia
938 3434 1204 3546 sepulchrum
1223 3441 1345 3539 stam,

267 3550 377 3641 huic
402 3543 515 3638 nunc'
532 3548 816 3660 collacrymari
836 3553 1037 3659 oportuit.
1096 3550 1345 3650 ostensurus

275 3664 345 3755 ille
364 3668 492 3753 varias
509 3662 569 3752 ibi
588 3663 783 3778 appensas
802 3661 978 3762 tabulas,
1009 3666 1165 3752 circum
1183 3691 1260 3775 per
1277 3693 1346 3752 cu·
1386 3763 1388 3768 ,

277 3778 417 3871 bicula
442 3777 568 3866 ducit.
634 3777 817 3865 Multam
843 3799 1004 3888 partem
1031 3777 1110 3866 filia
1137 3774 1347 3880 defunlla',

262 3891 419 3985 'artifici
443 3881 1031 3997 sanamanusdelineaverat,
1066 3918 1111 3981 ea
1134 3893 1347 4007 repraesen·

284 4031 414 4098 tames
437 4003 621 4140 objella,
640 4032 746 4122 -quae
761 4003 907 4122 --ipsum
934 4002 1024 4118 ejus
1039 4011 1234 4099 animum
1254 4032 1347 4116 ape·

518 4203 520 4207 ,
1168 4124 1293 4225 rium,

572 4231 603 4300 s
