3200 4784
401 369 700 488 ''
1017 363 1356 496 *xxxv

260 549 471 692 prareti,
505 570 704 692 generatio
727 570 888 660 advenit
910 563 1101 662 meditari
1126 573 1340 692 placuerit,

262 697 379 782 hunc
398 691 470 795 srbi
489 683 875 799 seceffitmquaertt.
1049 795 1051 800 Ι
1094 751 1099 766 .
1197 712 1203 718 ·

352 799 458 916 ¹Spnt
476 799 665 917 quaedam
685 793 862 916 quo'que
875 800 932 887 ibi
947 799 1141 916 picturae,
1159 831 1263 921 quas
1280 809 1338 898 vi·

268 917 370 1008 diist
385 945 471 1006 non·
485 916 716 1032 poenitebit.
912 1023 914 1028 Ι
1321 979 1327 986 -

353 1033 508 1122 Placuit
531 1037 653 1116 etiam
677 1023 850 1134 modus,
876 1055 969 1144 ¹quo
987 1033 1193 1120 recentior
1208 1032 1341 1148 orchi·¹

269 1144 401 1237 tostus
419 1171 601 1233 veterem
619 1148 854 1257 porticum,
883 1172 972 1259 quo
989 1149 1033 1233 in
1050 1143 1261 1236 castellum
1277 1155 1337 1240 in·

266 1287 398 1351 tratur
419 1266 640 1368 innovavit.
797 1313 823 1368 9
1206 1299 1208 1304 ·
1409 1291 1411 1300 ·

280 1435 289 1448 ,.
349 1382 390 1465 A
409 1365 521 1470 Citio
537 1370 719 1486 Liptiam
743 1396 881 1485 usque
905 1395 1016 1458 unus
1038 1371 1144 1460 mihi
1163 1373 1210 1466 81
1227 1371 1337 1465 socio

264 1485 316 1578 de
335 1518 545 1607 ¹agrorum
574 1490 638 1573 his
661 1492 703 1571 in
730 1492 848 1574 terris
875 1485 1056 1590 cultura,
1097 1488 1149 1577 de
1173 1499 1340 1602 oeeonol

263 1612 358 1692 miae
378 1606 523 1691 ruralis
542 1607 584 1688 in
600 1601 839 1712 universum
857 1602 899 1700 in
920 1601 996 1688 hac
1014 1602 1200 1691 Saxoniae
1220 1631 1337 1717 parte
1385 1601 1394 1619 ’

264 1719 476 1831 systemate
503 1717 545 1804 δι
574 1715 722 1820 modo,
752 1714 803 1801 de
827 1715 979 1802 celebri
1004 1723 1244 1828 oeconomiae
1265 1750 1338 1809 no·

262 1829 1338 1943 viorisauEtoreSchubartoequiteaKleefelddistm

266 1970 366 2052 cum
383 1950 537 2058 turigo,
555 1943 704 2029 aeoliis
722 1940 932 2032 rusticanis
950 1945 1208 2051 hominibus,
1227 1976 1338 2066 quos

263 2058 490 2150 habuimus
511 2058 674 2159 obvios,
705 2055 851 2145 sermo.
917 2064 1174 2175 Accepimus
1196 2063 1338 2173 melio·

244 2169 592 2289 sris-agricultum
606 2172 952 2289 impedimentum
962 2180 1229 2287 praecipuum
1245 2178 1337 2286 effe,

265 2317 375 2376 onus
414 2285 559 2402 pascue
591 2283 733 2388 fundis
766 2287 1019 2402 impositum.
1078 2294 1339 2404 Accepimus

219 2469 226 2474 .
264 2427 462 2518 praetereo
487 2402 706 2514 Schubarti
733 2407 914 2513 aprima
939 2400 1108 2498 infantia
1135 2406 1338 2494 conditio·

267 2543 364 2605 nem
390 2517 433 2603 81
456 2510 559 2604 fata-2
595 2509 788 2627 promissa
811 2540 981 2632 magna,
1021 2517 1206 2629 pericula
1228 2523 1340 2628 ¹vatio

265 2625 490 2731 sumtuosa,
521 2655 598 2716 nec
614 2654 732 2742 pares
751 2654 940 2717 eventus.
998 2633 1119 2719 Vixit
1134 2631 1204 2746 iile-
1220 2637 1340 2722 caetui

264 2739 490 2832 Nobihum
516 2741 782 2856 summopere
810 2742 982 2844 invisus,
1015 2770 1091 2844 nec
1115 2745 1227 2858 opud
1245 2748 1339 2838 olio·

264 2883 364 2945 rum
381 2855 577 2943 ordinum
592 2857 782 2942 homines
797 2859 931 2971 magis
945 2855 1101 2974 gratus.
1131 2859 1206 2958 Ma
1242 2890 1338 2951 nam

264 2971 341 3060 fibi
360 2968 555 3057 invidiam
573 2970 684 3080 apud
701 2971 792 3058 illos
809 2971 1062 3078 conciliarat,
1092 2973 1209 3089 quod
1259 2984 1338 3064 rin·

265 3085 349 3198 cipi
372 3081 551 3199 orbique
567 3083 965 3199 litterarioingenue
983 3087 1200 3194 indicavit,
1264 3085 1338 3179 uid
1420 3187 1422 3191 ,

296 3200 405 3290 taedii
423 3195 607 3316 Domino
633 3203 674 3283 in
699 3199 873 3285 colonos
897 3197 1036 3306 liteat,
1076 3204 1179 3319 quid
1202 3115 1364 3318 ipffum-

261 3226 520 3424 Brineipem,
558 3311 662 3428 quid
679 3310 931 3423 prediorum
951 3311 1158 3424 Dominos
1177 3318 1259 3406 hoc
1276 3346 1338 3405 re·

266 3453 363 3518 rum
387 3427 631 3530 rusticorum
650 3427 752 3514 statu
773 3424 923 3520 deceat.
1114 3511 1116 3516 .

346 3542 443 3629 Nec
458 3537 651 3628 mortuus
677 3559 775 3628 cum
795 3542 991 3628 omnibus
1010 3566 1157 3655 pacem
1175 3538 1335 3634 habuit.

267 3653 496 3746 Portunum
522 3655 617 3746 licet
635 3653 850 3756 Ecclefiae,
877 3681 1019 3742 contra
1038 3658 1263 3744 testamenti
1280 3685 1335 3746 ta·

265 3769 393 3870 buius¹
413 3794 553 3873 ettam,
600 3765 810 3880 sepultura
837 3776 942 3856 inter
973 3769 1118 3883 templi
1143 3775 1336 3886 parietes,
1407 3787 1409 3791 ’

264 3883 573 3998 prohibuerunt
583 3882 724 3998 praedii
737 3880 971 4004 suiColoni2
987 3881 1102 4002 quod
1119 3883 1238 3973 sacris
1257 3883 1347 3974 sois¹

269 4009 499 4115 nunquam,
518 4024 618 4092 cunt
635 4001 814 4198 vireretB
825 3992 1018 4090 adfuerit.
1045 3997 1049 4006 “
1070 3996 1250 4198 Qiesicrit
1270 3998 1336 4095 od·

227 4129 232 4138 “
847 4140 870 4204 2
1226 4139 1282 4203 uc
