3200 4784
1222 441 1317 514 xm

244 598 310 702 sui·
329 593 513 686 fabulam
529 591 698 708 iudere3
737 590 780 681 δι
804 588 981 707 plurima
1004 617 1148 682 rerum
1173 591 1225 686 td
1242 627 1316 690 eos

227 705 544 833 'pertinentium
560 714 700 826 imago
723 708 839 800 velut
862 732 940 821 per
953 706 1152 800 insomnia
1168 712 1315 806 oculos

242 826 517 946 praetervolat.
563 824 748 915 Videbar
764 822 877 922 mihi,
894 845 1035 933 raptus
1053 828 1095 911 in
1110 824 1316 939 Elysium,

243 944 458 1058 Pflugium
489 937 631 1026 videre
663 936 877 1050 splendido
909 936 1211 1032 circumdatum
1241 948 1316 1030 cir·

250 1059 366 1158 cuio,
397 1057 567 1142 maximi
582 1056 765 1138 nominis
783 1056 993 1151 virorum,
1031 1052 1210 1159 Erasmi,
1247 1059 1314 1146 Sa.

193 1155 203 1276 Ι
247 1173 397 1270 doleti,
420 1169 561 1269 Heffii,
580 1167 776 1268 Mezleri‚
795 1163 1033 1269 Moselitni,
1051 1166 1217 1274 Vicelii‚
1236 1173 1314 1260 Ca·

193 1285 219 1334 ,κ-

243 1275 431 1386 ιηετατίἰ,’
447 1280 772 1382 Melanchtonis,
789 1277 980 1381 eliorum,
996 1285 1069 1396 qui
1087 1308 1187 1370 eum
1204 1311 1314 1374 com·

224 1426 445 1498 munem,
484 1424 582 1483 cum
607 1401 813 1497 virerent,
850 1392 916 1478 vel
940 1399 1119 1482 amicum
1145 1395 1314 1486 &soda-

244 1516 352 1618 lem‚
372 1510 438 1598 vel
460 1513 728 1596 Meeaenatem
746 1508 978 1596 coluerunt.
1022 1508 1100 1596 Nae
1115 1509 1182 1596 ille
1198 1514 1314 1617 mihi,

243 1629 494 1738 multisque,
527 1627 600 1737 qui
621 1626 706 1736 ptri
729 1649 898 1710 mecum
923 1621 1041 1709 cultu
1070 1651 1219 1739 magna
1243 1655 1314 1713 no·

242 1748 358 1832 mina
375 1765 571 1853 artesque
592 1735 919 1849 prosequuntur,
949 1761 1114 1850 gratum
1131 1765 1241 1852 opus
1258 1739 1315 1830 fa·

247 1879 382 1955 reret,
411 1857 485 1965 qui
510 1856 589 1938 hoc
615 1849 853 1961 phantasma
878 1849 1087 1940 coloribus
1108 1857 1151 1938 in
1176 1856 1315 1946 tabula

214 2021 218 2036 ·
248 1965 570 2078 repraesentaret,
603 1960 756 2049 eofere
774 1963 925 2067 modo,
955 1992 1042 2080 quo
1065 1969 1314 2060 Voltririum

234 2085 293 2173 ,ἃ
314 2107 512 2194 magnum
529 2077 798 2167 Poruss'orum
820 2105 966 2193 regem
985 2084 1027 2166 in
1048 2086 1202 2194 campis
1222 2085 1318 2198 Ely-

246 2197 342 2297 seiS,
381 2193 563 2299 abnuis,
596 2196 743 2297 atavis,
775 2195 1036 2304 parentibus,
1063 2195 1115 2281 ab
1137 2202 1318 2286 amiciso

193 2347 198 2354 ·
249 2308 581 2412 contribulibus,
613 2306 720 2394 fiita
737 2308 855 2420 loqui
881 2302 943 2391 fas
970 2309 1048 2409 est,
1078 2307 1234 2413 Poetis,
1269 2339 1317 2400 ac

248 2541 404 2655 egregii
419 2537 591 2623 artifices
608 2536 830 2621 finxerunt.

196 2686 208 2740 ;
332 2657 402 2742 Ne
436 2652 524 2736 talis
560 2648 699 2735 tabuit
735 2649 836 2734 socia
871 2671 1024 2750 cuteat,
1063 2675 1117 2736 ex
1149 2645 1318 2744 adverso

193 2819 208 2852 ,-
245 2764 467 2884 ponendo:
514 2788 611 2849 ecce
652 2762 725 2846 tibi
768 2761 1063 2870 amplissimum
1099 2791 1320 2881 argumen-

193 2423 502 2978 ἱΡὴιΙοΓορὴιε
519 2420 736 2531 susceptos,
748 2446 886 2531 nuper
898 2419 1060 2535 pictura
1073 2420 1216 2512 lineari
1230 2422 1318 2514 duo

193 2913 211 2966 n
247 2906 372 2979 tum,
412 2903 500 2990 quo
523 2899 588 2974 ars
611 2899 873 2960 exerceatur:
910 2876 1215 2994 Dalburgium,
1246 2911 1318 2970 no·

249 2995 319 3078 stri
351 2994 427 3075 aevi
459 2987 680 3101 ptaesuium
708 2993 938 3076 maximum
964 2990 1094 3081 decus
1112 3055 1130 3097 ,-
1165 2994 1318 3111 Pflugii
1398 3069 1401 3074 .

193 3105 470 3214 ‚uaemuium‚
506 3130 706 3219 quocum
728 3101 842 3191 arcio
874 3106 1068 3210 vinculo,
1139 3108 1319 3224 uidquid

220 3219 224 3254 ³
249 3221 377 3304 estin
405 3222 516 3304 omni
536 3217 760 3304 Germania
779 3222 990 3323 virorum,
1031 3221 1083 3308 M
1155 3249 1319 3311 sortes·

247 3359 334 3447 que
362 3332 596 3434 colentium,
635 3330 828 3447 jungitur
851 3333 918 3436 vel
941 3359 988 3420 ut
1005 3359 1103 3421 cum
1126 3361 1318 3449 patrono,

247 3445 316 3558 vcl
341 3473 442 3532 cum
459 3448 602 3534 ¹amico
627 3445 695 3533 vel
717 3474 825 3534 cum
853 3452 1146 3538 communium
1173 3451 1320 3539 studio·

249 3587 347 3651 tum
372 3558 507 3645 sodali.

334 3674 378 3759 Si
404 3670 521 3788 quod
547 3669 760 3776 imitetur,
800 3667 1025 3785 perfectius
1058 3698 1320 3793 prototypon

246 3785 449 3883 volucrit,
480 3791 554 3910 qui
579 3779 826 3872 talem'mihi
848 3792 1157 3897 pinacothecam
1176 3817 1319 3907 reprae-

245 3900 480 3988 sentandrm
504 3897 684 4013 suscipit,
709 3897 925 4012 Raphaelis
944 3903 1093 3995 Sanstii
1118 3907 1318 3994 urbinatis
1392 4003 1394 4008 ,

250 4019 451 4109 vaticanos
469 4013 674 4130 picturus
688 4007 874 4216 Τεὴοὶῗη
892 4017 1206 4115 Atheniensem,
1224 4019 1317 4107 con·

345 4173 349 4178 ·
1169 4159 1263 4223 con-
