<?xml version="1.0" encoding="UTF-8"?>
<!DOCTYPE html PUBLIC "-//W3C//DTD XHTML 1.0 Transitional//EN"
    "http://www.w3.org/TR/xhtml1/DTD/xhtml1-transitional.dtd">
<html xmlns="http://www.w3.org/1999/xhtml" xml:lang="en" lang="en">
 <head>
  <title>
</title>
<meta http-equiv="Content-Type" content="text/html;charset=utf-8" />
  <meta name='ocr-system' content='tesseract 3.04.00' />
  <meta name='ocr-capabilities' content='ocr_page ocr_carea ocr_par ocr_line ocrx_word'/>
</head>
<body>
  <div class='ocr_page' id='page_1' title='image "./operaomniasanct06librgoog_0323.png"; bbox 0 0 3200 4784; ppageno 0'>
   <div class='ocr_carea' id='block_1_1' title="bbox 423 360 1357 481">
    <p class='ocr_par' dir='ltr' id='par_1_1' title="bbox 423 360 1357 481">
     <span class='ocr_line' id='line_1_1' title="bbox 423 360 1357 481; baseline -0.001 -37"><span class='ocrx_word' id='word_1_1' title='bbox 423 391 485 445; x_wconf 84' lang='lat' dir='ltr'>ur</span> <span class='ocrx_word' id='word_1_2' title='bbox 510 360 923 481; x_wconf 71' lang='lat' dir='ltr'>Douaprsrnuvm&#39;</span> <span class='ocrx_word' id='word_1_3' title='bbox 942 363 1209 477; x_wconf 22' lang='lat' dir='ltr'>Hispo-nra.</span> <span class='ocrx_word' id='word_1_4' title='bbox 1285 386 1357 467; x_wconf 76' lang='lat'>279</span> 
     </span>
    </p>
   </div>
   <div class='ocr_carea' id='block_1_2' title="bbox 237 524 1404 4225">
    <p class='ocr_par' dir='ltr' id='par_1_2' title="bbox 237 524 1404 4225">
     <span class='ocr_line' id='line_1_2' title="bbox 281 524 1355 631; baseline -0.007 -20"><span class='ocrx_word' id='word_1_5' title='bbox 281 530 406 611; x_wconf 81' lang='lat' dir='ltr'>stitisse</span> <span class='ocrx_word' id='word_1_6' title='bbox 417 533 615 626; x_wconf 82' lang='lat' dir='ltr'>probetur:</span> <span class='ocrx_word' id='word_1_7' title='bbox 629 552 721 624; x_wconf 90' lang='lat' dir='ltr'>quos</span> <span class='ocrx_word' id='word_1_8' title='bbox 732 528 1009 623; x_wconf 81' lang='lat' dir='ltr'>quideiuinJ’usta</span> <span class='ocrx_word' id='word_1_9' title='bbox 1022 529 1129 605; x_wconf 86' lang='lat' dir='ltr'>etiarn</span> <span class='ocrx_word' id='word_1_10' title='bbox 1137 549 1204 623; x_wconf 89' lang='lat' dir='ltr'>per</span> <span class='ocrx_word' id='word_1_11' title='bbox 1214 524 1355 631; x_wconf 83' lang='lat' dir='ltr'>senten·</span> 
     </span>
     <span class='ocr_line' id='line_1_3' title="bbox 280 628 1350 725; baseline -0.002 -16"><span class='ocrx_word' id='word_1_12' title='bbox 280 632 688 709; x_wconf 86' lang='lat' dir='ltr'>tiamnotabitinfamia.</span> <span class='ocrx_word' id='word_1_13' title='bbox 720 630 757 703; x_wconf 88' lang='lat' dir='ltr'>Si</span> <span class='ocrx_word' id='word_1_14' title='bbox 768 651 861 704; x_wconf 89' lang='lat' dir='ltr'>vero</span> <span class='ocrx_word' id='word_1_15' title='bbox 874 628 1064 705; x_wconf 87' lang='lat' dir='ltr'>hisnesciis</span> <span class='ocrx_word' id='word_1_16' title='bbox 1075 629 1350 725; x_wconf 77' lang='lat' dir='ltr'>percondutto·</span> 
     </span>
     <span class='ocr_line' id='line_1_4' title="bbox 264 728 1351 827; baseline -0.005 -18"><span class='ocrx_word' id='word_1_17' title='bbox 264 756 354 821; x_wconf 55' lang='lat' dir='ltr'>„rem</span> <span class='ocrx_word' id='word_1_18' title='bbox 375 746 702 827; x_wconf 80' lang='lat' dir='ltr'>procuratoremve</span> <span class='ocrx_word' id='word_1_19' title='bbox 718 750 846 807; x_wconf 89' lang='lat' dir='ltr'>eorum</span> <span class='ocrx_word' id='word_1_20' title='bbox 861 734 898 805; x_wconf 92' lang='lat' dir='ltr'>in</span> <span class='ocrx_word' id='word_1_21' title='bbox 913 729 1025 804; x_wconf 91' lang='lat' dir='ltr'>domo</span> <span class='ocrx_word' id='word_1_22' title='bbox 1042 729 1211 825; x_wconf 81' lang='lat' dir='ltr'>agitatum</span> <span class='ocrx_word' id='word_1_23' title='bbox 1228 728 1351 821; x_wconf 86' lang='lat' dir='ltr'>hujus·</span> 
     </span>
     <span class='ocr_line' id='line_1_5' title="bbox 276 829 1348 925; baseline -0.007 -13"><span class='ocrx_word' id='word_1_24' title='bbox 276 833 381 912; x_wconf 86' lang='lat' dir='ltr'>modi</span> <span class='ocrx_word' id='word_1_25' title='bbox 411 832 551 905; x_wconf 88' lang='lat' dir='ltr'>facinus</span> <span class='ocrx_word' id='word_1_26' title='bbox 583 834 876 925; x_wconf 88' lang='lat' dir='ltr'>comprobatur,</span> <span class='ocrx_word' id='word_1_27' title='bbox 913 829 1122 923; x_wconf 72' lang='lat' dir='ltr'>prejudicio</span> <span class='ocrx_word' id='word_1_28' title='bbox 1147 849 1168 901; x_wconf 87' lang='lat' dir='ltr'>a</span> <span class='ocrx_word' id='word_1_29' title='bbox 1192 830 1348 922; x_wconf 77' lang='lat' dir='ltr'>predio·</span> 
     </span>
     <span class='ocr_line' id='line_1_6' title="bbox 275 927 1348 1027; baseline -0.006 -18"><span class='ocrx_word' id='word_1_30' title='bbox 275 956 359 1009; x_wconf 89' lang='lat' dir='ltr'>rum</span> <span class='ocrx_word' id='word_1_31' title='bbox 382 932 630 1027; x_wconf 86' lang='lat' dir='ltr'>publicatione</span> <span class='ocrx_word' id='word_1_32' title='bbox 656 927 845 1027; x_wconf 88' lang='lat' dir='ltr'>suspenso,</span> <span class='ocrx_word' id='word_1_33' title='bbox 876 930 1039 1023; x_wconf 86' lang='lat' dir='ltr'>impliciti</span> <span class='ocrx_word' id='word_1_34' title='bbox 1063 928 1204 1002; x_wconf 84' lang='lat' dir='ltr'>sceleris</span> <span class='ocrx_word' id='word_1_35' title='bbox 1223 928 1348 1003; x_wconf 77' lang='lat' dir='ltr'>audio-</span> 
     </span>
     <span class='ocr_line' id='line_1_7' title="bbox 277 1029 1345 1127; baseline -0.002 -21"><span class='ocrx_word' id='word_1_36' title='bbox 277 1055 336 1109; x_wconf 92' lang='lat' dir='ltr'>res</span> <span class='ocrx_word' id='word_1_37' title='bbox 354 1033 506 1105; x_wconf 80' lang='lat' dir='ltr'>coerciti</span> <span class='ocrx_word' id='word_1_38' title='bbox 524 1032 698 1127; x_wconf 86' lang='lat' dir='ltr'>plumbo,</span> <span class='ocrx_word' id='word_1_39' title='bbox 724 1031 889 1123; x_wconf 86' lang='lat' dir='ltr'>exilium,</span> <span class='ocrx_word' id='word_1_40' title='bbox 913 1032 952 1105; x_wconf 91' lang='lat' dir='ltr'>in</span> <span class='ocrx_word' id='word_1_41' title='bbox 968 1050 1042 1123; x_wconf 87' lang='lat' dir='ltr'>quo</span> <span class='ocrx_word' id='word_1_42' title='bbox 1055 1030 1156 1105; x_wconf 91' lang='lat' dir='ltr'>omni</span> <span class='ocrx_word' id='word_1_43' title='bbox 1174 1029 1260 1101; x_wconf 80' lang='lat' dir='ltr'>vitae</span> <span class='ocrx_word' id='word_1_44' title='bbox 1274 1029 1345 1104; x_wconf 78' lang='lat' dir='ltr'>suae</span> 
     </span>
     <span class='ocr_line' id='line_1_8' title="bbox 276 1126 1345 1227; baseline -0.002 -21"><span class='ocrx_word' id='word_1_45' title='bbox 276 1146 447 1226; x_wconf 89' lang='lat' dir='ltr'>tempore</span> <span class='ocrx_word' id='word_1_46' title='bbox 469 1130 690 1224; x_wconf 88' lang='lat' dir='ltr'>afficiantur,</span> <span class='ocrx_word' id='word_1_47' title='bbox 721 1126 911 1227; x_wconf 81' lang='lat' dir='ltr'>accipient</span> <span class='ocrx_word' id='word_1_48' title='bbox 972 1128 1031 1203; x_wconf 83' lang='lat' dir='ltr'>Ac</span> <span class='ocrx_word' id='word_1_49' title='bbox 1056 1150 1104 1203; x_wconf 92' lang='lat' dir='ltr'>ne</span> <span class='ocrx_word' id='word_1_50' title='bbox 1129 1127 1279 1201; x_wconf 79' lang='lat' dir='ltr'>forsitan</span> <span class='ocrx_word' id='word_1_51' title='bbox 1301 1130 1345 1204; x_wconf 90' lang='lat' dir='ltr'>srt</span> 
     </span>
     <span class='ocr_line' id='line_1_9' title="bbox 277 1226 1345 1325; baseline -0.002 -20"><span class='ocrx_word' id='word_1_52' title='bbox 277 1235 453 1325; x_wconf 88' lang='lat' dir='ltr'>liberum,</span> <span class='ocrx_word' id='word_1_53' title='bbox 479 1229 735 1305; x_wconf 83' lang='lat' dir='ltr'>conscientiam</span> <span class='ocrx_word' id='word_1_54' title='bbox 753 1230 941 1325; x_wconf 87' lang='lat' dir='ltr'>piacularis</span> <span class='ocrx_word' id='word_1_55' title='bbox 956 1228 1153 1323; x_wconf 87' lang='lat' dir='ltr'>perpetrati</span> <span class='ocrx_word' id='word_1_56' title='bbox 1168 1228 1263 1301; x_wconf 85' lang='lat' dir='ltr'>intra</span> <span class='ocrx_word' id='word_1_57' title='bbox 1279 1226 1345 1303; x_wconf 91' lang='lat' dir='ltr'>do·</span> 
     </span>
     <span class='ocr_line' id='line_1_10' title="bbox 276 1326 1344 1423; baseline -0.008 -15"><span class='ocrx_word' id='word_1_58' title='bbox 276 1331 446 1408; x_wconf 85' lang='lat' dir='ltr'>mesticos</span> <span class='ocrx_word' id='word_1_59' title='bbox 467 1333 622 1423; x_wconf 78' lang='lat' dir='ltr'>parietes</span> <span class='ocrx_word' id='word_1_60' title='bbox 638 1330 781 1407; x_wconf 87' lang='lat' dir='ltr'>srlentio</span> <span class='ocrx_word' id='word_1_61' title='bbox 797 1334 916 1405; x_wconf 89' lang='lat' dir='ltr'>celare</span> <span class='ocrx_word' id='word_1_62' title='bbox 932 1326 1093 1423; x_wconf 83' lang='lat' dir='ltr'>secreto,</span> <span class='ocrx_word' id='word_1_63' title='bbox 1118 1328 1174 1403; x_wconf 91' lang='lat' dir='ltr'>his</span> <span class='ocrx_word' id='word_1_64' title='bbox 1193 1330 1252 1421; x_wconf 89' lang='lat' dir='ltr'>qui</span> <span class='ocrx_word' id='word_1_65' title='bbox 1268 1327 1344 1401; x_wconf 91' lang='lat' dir='ltr'>sor-</span> 
     </span>
     <span class='ocr_line' id='line_1_11' title="bbox 275 1426 1344 1528; baseline -0.003 -23"><span class='ocrx_word' id='word_1_66' title='bbox 275 1432 365 1505; x_wconf 89' lang='lat' dir='ltr'>srtan</span> <span class='ocrx_word' id='word_1_67' title='bbox 383 1431 427 1504; x_wconf 86' lang='lat' dir='ltr'>ad</span> <span class='ocrx_word' id='word_1_68' title='bbox 444 1431 736 1525; x_wconf 86' lang='lat' dir='ltr'>rebaptizandum</span> <span class='ocrx_word' id='word_1_69' title='bbox 758 1443 963 1528; x_wconf 88' lang='lat' dir='ltr'>cogentur,</span> <span class='ocrx_word' id='word_1_70' title='bbox 992 1428 1195 1526; x_wconf 85' lang='lat' dir='ltr'>refugiendi</span> <span class='ocrx_word' id='word_1_71' title='bbox 1213 1428 1257 1501; x_wconf 91' lang='lat' dir='ltr'>ad</span> <span class='ocrx_word' id='word_1_72' title='bbox 1272 1426 1344 1502; x_wconf 85' lang='lat' dir='ltr'>Ec-</span> 
     </span>
     <span class='ocr_line' id='line_1_12' title="bbox 276 1526 1403 1631; baseline -0.004 -27"><span class='ocrx_word' id='word_1_73' title='bbox 276 1532 416 1605; x_wconf 84' lang='lat' dir='ltr'>clesiam</span> <span class='ocrx_word' id='word_1_74' title='bbox 437 1526 662 1605; x_wconf 77' lang='lat' dir='ltr'>catholicam</span> <span class='ocrx_word' id='word_1_75' title='bbox 677 1531 720 1605; x_wconf 89' lang='lat' dir='ltr'>srt</span> <span class='ocrx_word' id='word_1_76' title='bbox 739 1530 914 1631; x_wconf 86' lang='lat' dir='ltr'>facultas,</span> <span class='ocrx_word' id='word_1_77' title='bbox 945 1528 1080 1620; x_wconf 84' lang='lat' dir='ltr'>utejus</span> <span class='ocrx_word' id='word_1_78' title='bbox 1099 1526 1262 1624; x_wconf 81' lang='lat' dir='ltr'>praesrdio</span> <span class='ocrx_word' id='word_1_79' title='bbox 1281 1530 1342 1601; x_wconf 84' lang='lat' dir='ltr'>ad·</span> <span class='ocrx_word' id='word_1_80' title='bbox 1400 1591 1403 1599; x_wconf 91' lang='lat'>.</span> 
     </span>
     <span class='ocr_line' id='line_1_13' title="bbox 275 1627 1353 1722; baseline -0.001 -19"><span class='ocrx_word' id='word_1_81' title='bbox 275 1628 399 1705; x_wconf 86' lang='lat' dir='ltr'>versus</span> <span class='ocrx_word' id='word_1_82' title='bbox 418 1630 522 1722; x_wconf 83' lang='lat' dir='ltr'>hujus</span> <span class='ocrx_word' id='word_1_83' title='bbox 543 1631 698 1705; x_wconf 88' lang='lat' dir='ltr'>criminis</span> <span class='ocrx_word' id='word_1_84' title='bbox 716 1630 750 1703; x_wconf 80' lang='lat' dir='ltr'>dc</span> <span class='ocrx_word' id='word_1_85' title='bbox 768 1629 950 1707; x_wconf 87' lang='lat' dir='ltr'>societatis</span> <span class='ocrx_word' id='word_1_86' title='bbox 967 1627 1130 1703; x_wconf 76' lang='lat' dir='ltr'>nudiores</span> <span class='ocrx_word' id='word_1_87' title='bbox 1151 1627 1353 1717; x_wconf 81' lang='lat' dir='ltr'>adtributae¹</span> 
     </span>
     <span class='ocr_line' id='line_1_14' title="bbox 274 1724 1341 1827; baseline -0.003 -23"><span class='ocrx_word' id='word_1_88' title='bbox 274 1730 451 1804; x_wconf 83' lang='lat' dir='ltr'>libertatis</span> <span class='ocrx_word' id='word_1_89' title='bbox 469 1731 629 1822; x_wconf 89' lang='lat' dir='ltr'>praesrdio</span> <span class='ocrx_word' id='word_1_90' title='bbox 649 1730 908 1825; x_wconf 87' lang='lat' dir='ltr'>defendantur,</span> <span class='ocrx_word' id='word_1_91' title='bbox 933 1730 1113 1821; x_wconf 87' lang='lat' dir='ltr'>liceatque</span> <span class='ocrx_word' id='word_1_92' title='bbox 1125 1727 1181 1817; x_wconf 85' lang='lat' dir='ltr'>his</span> <span class='ocrx_word' id='word_1_93' title='bbox 1197 1724 1341 1827; x_wconf 80' lang='lat' dir='ltr'>subhac</span> 
     </span>
     <span class='ocr_line' id='line_1_15' title="bbox 276 1826 1340 1925; baseline -0.002 -22"><span class='ocrx_word' id='word_1_94' title='bbox 276 1830 490 1903; x_wconf 88' lang='lat' dir='ltr'>conditione</span> <span class='ocrx_word' id='word_1_95' title='bbox 508 1826 616 1903; x_wconf 88' lang='lat' dir='ltr'>fidem</span> <span class='ocrx_word' id='word_1_96' title='bbox 640 1831 753 1925; x_wconf 91' lang='lat' dir='ltr'>tueri,</span> <span class='ocrx_word' id='word_1_97' title='bbox 787 1852 893 1923; x_wconf 88' lang='lat' dir='ltr'>quam</span> <span class='ocrx_word' id='word_1_98' title='bbox 913 1843 1132 1923; x_wconf 85' lang='lat' dir='ltr'>extorquere</span> <span class='ocrx_word' id='word_1_99' title='bbox 1151 1830 1196 1901; x_wconf 90' lang='lat' dir='ltr'>ab</span> <span class='ocrx_word' id='word_1_100' title='bbox 1214 1826 1340 1901; x_wconf 85' lang='lat' dir='ltr'>invitis</span> 
     </span>
     <span class='ocr_line' id='line_1_16' title="bbox 273 1926 1339 2024; baseline 0 -21"><span class='ocrx_word' id='word_1_101' title='bbox 273 1926 426 2004; x_wconf 86' lang='lat' dir='ltr'>Domini</span> <span class='ocrx_word' id='word_1_102' title='bbox 453 1932 687 2006; x_wconf 90' lang='lat' dir='ltr'>tentaverint.</span> <span class='ocrx_word' id='word_1_103' title='bbox 743 1928 827 2004; x_wconf 91' lang='lat' dir='ltr'>Nec</span> <span class='ocrx_word' id='word_1_104' title='bbox 854 1928 1042 2008; x_wconf 80' lang='lat' dir='ltr'>assertores</span> <span class='ocrx_word' id='word_1_105' title='bbox 1068 1928 1247 2024; x_wconf 79' lang='lat' dir='ltr'>dogmatis</span> <span class='ocrx_word' id='word_1_106' title='bbox 1272 1926 1339 2003; x_wconf 88' lang='lat' dir='ltr'>Ca-</span> 
     </span>
     <span class='ocr_line' id='line_1_17' title="bbox 273 2026 1337 2143; baseline -0.003 -41"><span class='ocrx_word' id='word_1_107' title='bbox 273 2031 494 2143; x_wconf 47' lang='lat' dir='ltr'>tholici,sea</span> <span class='ocrx_word' id='word_1_108' title='bbox 518 2051 587 2121; x_wconf 90' lang='lat' dir='ltr'>qua</span> <span class='ocrx_word' id='word_1_109' title='bbox 604 2043 777 2125; x_wconf 86' lang='lat' dir='ltr'>caeteros,</span> <span class='ocrx_word' id='word_1_110' title='bbox 804 2032 863 2123; x_wconf 92' lang='lat' dir='ltr'>qui</span> <span class='ocrx_word' id='word_1_111' title='bbox 878 2032 914 2116; x_wconf 88' lang='lat' dir='ltr'>in</span> <span class='ocrx_word' id='word_1_112' title='bbox 928 2028 1108 2125; x_wconf 85' lang='lat' dir='ltr'>potestate</span> <span class='ocrx_word' id='word_1_113' title='bbox 1119 2026 1199 2103; x_wconf 91' lang='lat' dir='ltr'>sunt</span> <span class='ocrx_word' id='word_1_114' title='bbox 1214 2026 1337 2123; x_wconf 89' lang='lat' dir='ltr'>positi,</span> 
     </span>
     <span class='ocr_line' id='line_1_18' title="bbox 272 2128 1338 2227; baseline 0.001 -27"><span class='ocrx_word' id='word_1_115' title='bbox 272 2143 426 2221; x_wconf 85' lang='lat' dir='ltr'>oportet</span> <span class='ocrx_word' id='word_1_116' title='bbox 448 2129 492 2203; x_wconf 87' lang='lat' dir='ltr'>ad</span> <span class='ocrx_word' id='word_1_117' title='bbox 517 2129 655 2204; x_wconf 87' lang='lat' dir='ltr'>facinus</span> <span class='ocrx_word' id='word_1_118' title='bbox 669 2132 758 2225; x_wconf 81' lang='lat' dir='ltr'>sege</span> <span class='ocrx_word' id='word_1_119' title='bbox 775 2128 998 2227; x_wconf 69' lang='lat' dir='ltr'>constringir</span> <span class='ocrx_word' id='word_1_120' title='bbox 1024 2130 1231 2204; x_wconf 77' lang='lat' dir='ltr'>&amp;maxime</span> <span class='ocrx_word' id='word_1_121' title='bbox 1248 2148 1338 2202; x_wconf 88' lang='lat' dir='ltr'>con·</span> 
     </span>
     <span class='ocr_line' id='line_1_19' title="bbox 276 2228 1335 2306; baseline 0.001 -7"><span class='ocrx_word' id='word_1_122' title='bbox 276 2231 378 2301; x_wconf 92' lang='lat' dir='ltr'>venit</span> <span class='ocrx_word' id='word_1_123' title='bbox 392 2250 518 2305; x_wconf 90' lang='lat' dir='ltr'>omnes</span> <span class='ocrx_word' id='word_1_124' title='bbox 532 2231 698 2305; x_wconf 88' lang='lat' dir='ltr'>homines</span> <span class='ocrx_word' id='word_1_125' title='bbox 712 2231 784 2306; x_wconf 86' lang='lat' dir='ltr'>fine</span> <span class='ocrx_word' id='word_1_126' title='bbox 799 2234 876 2306; x_wconf 88' lang='lat' dir='ltr'>ulio</span> <span class='ocrx_word' id='word_1_127' title='bbox 896 2231 1095 2304; x_wconf 87' lang='lat' dir='ltr'>discrimine</span> <span class='ocrx_word' id='word_1_128' title='bbox 1112 2228 1335 2303; x_wconf 90' lang='lat' dir='ltr'>conditionis</span> 
     </span>
     <span class='ocr_line' id='line_1_20' title="bbox 272 2325 1336 2405; baseline 0.002 -6"><span class='ocrx_word' id='word_1_129' title='bbox 272 2341 336 2399; x_wconf 81' lang='lat' dir='ltr'>aut</span> <span class='ocrx_word' id='word_1_130' title='bbox 364 2327 474 2404; x_wconf 90' lang='lat' dir='ltr'>status</span> <span class='ocrx_word' id='word_1_131' title='bbox 508 2329 628 2404; x_wconf 86' lang='lat' dir='ltr'>infusae</span> <span class='ocrx_word' id='word_1_132' title='bbox 660 2333 799 2405; x_wconf 82' lang='lat' dir='ltr'>coelicus</span> <span class='ocrx_word' id='word_1_133' title='bbox 831 2330 1019 2405; x_wconf 71' lang='lat' dir='ltr'>sanititatis</span> <span class='ocrx_word' id='word_1_134' title='bbox 1052 2325 1123 2403; x_wconf 83' lang='lat' dir='ltr'>esse</span> <span class='ocrx_word' id='word_1_135' title='bbox 1155 2325 1336 2402; x_wconf 88' lang='lat' dir='ltr'>custodes.</span> 
     </span>
     <span class='ocr_line' id='line_1_21' title="bbox 269 2426 1365 2523; baseline -0.004 -21"><span class='ocrx_word' id='word_1_136' title='bbox 269 2426 393 2502; x_wconf 84' lang='lat' dir='ltr'>Sciant</span> <span class='ocrx_word' id='word_1_137' title='bbox 416 2432 439 2500; x_wconf 93' lang='lat' dir='ltr'>ii</span> <span class='ocrx_word' id='word_1_138' title='bbox 465 2451 586 2522; x_wconf 89' lang='lat' dir='ltr'>vero,</span> <span class='ocrx_word' id='word_1_139' title='bbox 617 2433 680 2522; x_wconf 90' lang='lat' dir='ltr'>-qui</span> <span class='ocrx_word' id='word_1_140' title='bbox 702 2430 905 2523; x_wconf 73' lang='lat' dir='ltr'>supradictis</span> <span class='ocrx_word' id='word_1_141' title='bbox 923 2433 1053 2503; x_wconf 89' lang='lat' dir='ltr'>iterare</span> <span class='ocrx_word' id='word_1_142' title='bbox 1069 2430 1244 2523; x_wconf 77' lang='lat' dir='ltr'>baptisma</span> <span class='ocrx_word' id='word_1_143' title='bbox 1259 2446 1337 2507; x_wconf 92' lang='lat' dir='ltr'>non</span> <span class='ocrx_word' id='word_1_144' title='bbox 1360 2474 1365 2485; x_wconf 39' lang='grc' dir='ltr'><em>ι</em></span> 
     </span>
     <span class='ocr_line' id='line_1_22' title="bbox 269 2524 1337 2624; baseline 0.003 -28"><span class='ocrx_word' id='word_1_145' title='bbox 269 2527 477 2624; x_wconf 85' lang='lat' dir='ltr'>timuerint,</span> <span class='ocrx_word' id='word_1_146' title='bbox 504 2544 566 2603; x_wconf 91' lang='lat' dir='ltr'>aut</span> <span class='ocrx_word' id='word_1_147' title='bbox 585 2535 644 2621; x_wconf 86' lang='lat' dir='ltr'>qui</span> <span class='ocrx_word' id='word_1_148' title='bbox 663 2528 926 2605; x_wconf 90' lang='lat' dir='ltr'>consentiendo</span> <span class='ocrx_word' id='word_1_149' title='bbox 944 2530 1018 2603; x_wconf 88' lang='lat' dir='ltr'>hoc</span> <span class='ocrx_word' id='word_1_150' title='bbox 1030 2524 1169 2599; x_wconf 86' lang='lat' dir='ltr'>facinus</span> <span class='ocrx_word' id='word_1_151' title='bbox 1189 2528 1337 2618; x_wconf 90' lang='lat' dir='ltr'>propria</span> 
     </span>
     <span class='ocr_line' id='line_1_23' title="bbox 266 2622 1335 2722; baseline 0 -22"><span class='ocrx_word' id='word_1_152' title='bbox 266 2625 373 2720; x_wconf 88' lang='lat' dir='ltr'>hujus</span> <span class='ocrx_word' id='word_1_153' title='bbox 389 2625 568 2702; x_wconf 90' lang='lat' dir='ltr'>societatis</span> <span class='ocrx_word' id='word_1_154' title='bbox 584 2631 826 2722; x_wconf 84' lang='lat' dir='ltr'>permixtione</span> <span class='ocrx_word' id='word_1_155' title='bbox 840 2627 1111 2717; x_wconf 79' lang='lat' dir='ltr'>damnaverint,</span> <span class='ocrx_word' id='word_1_156' title='bbox 1129 2645 1205 2699; x_wconf 94' lang='lat' dir='ltr'>non</span> <span class='ocrx_word' id='word_1_157' title='bbox 1220 2622 1335 2701; x_wconf 86' lang='lat' dir='ltr'>solum</span> 
     </span>
     <span class='ocr_line' id='line_1_24' title="bbox 267 2720 1335 2818; baseline 0.001 -20"><span class='ocrx_word' id='word_1_158' title='bbox 267 2724 420 2798; x_wconf 88' lang='lat' dir='ltr'>testandi</span> <span class='ocrx_word' id='word_1_159' title='bbox 433 2728 516 2816; x_wconf 89' lang='lat' dir='ltr'>srbi,</span> <span class='ocrx_word' id='word_1_160' title='bbox 541 2747 669 2800; x_wconf 90' lang='lat' dir='ltr'>verum</span> <span class='ocrx_word' id='word_1_161' title='bbox 683 2724 898 2818; x_wconf 90' lang='lat' dir='ltr'>adipiscendi</span> <span class='ocrx_word' id='word_1_162' title='bbox 915 2722 1046 2817; x_wconf 86' lang='lat' dir='ltr'>aliquid</span> <span class='ocrx_word' id='word_1_163' title='bbox 1062 2723 1123 2798; x_wconf 89' lang='lat' dir='ltr'>sub</span> <span class='ocrx_word' id='word_1_164' title='bbox 1140 2720 1256 2818; x_wconf 84' lang='lat' dir='ltr'>specie</span> <span class='ocrx_word' id='word_1_165' title='bbox 1270 2725 1335 2799; x_wconf 90' lang='lat' dir='ltr'>do-</span> 
     </span>
     <span class='ocr_line' id='line_1_25' title="bbox 266 2820 1335 2920; baseline 0.007 -24"><span class='ocrx_word' id='word_1_166' title='bbox 266 2825 428 2896; x_wconf 88' lang='lat' dir='ltr'>nationis</span> <span class='ocrx_word' id='word_1_167' title='bbox 449 2829 511 2898; x_wconf 86' lang='lat' dir='ltr'>vei</span> <span class='ocrx_word' id='word_1_168' title='bbox 532 2824 780 2920; x_wconf 86' lang='lat' dir='ltr'>agitandorum</span> <span class='ocrx_word' id='word_1_169' title='bbox 802 2820 1051 2899; x_wconf 71' lang='lat' dir='ltr'>contractuum</span> <span class='ocrx_word' id='word_1_170' title='bbox 1067 2826 1105 2897; x_wconf 93' lang='lat' dir='ltr'>in</span> <span class='ocrx_word' id='word_1_171' title='bbox 1117 2835 1335 2919; x_wconf 88' lang='lat' dir='ltr'>perpetuum</span> 
     </span>
     <span class='ocr_line' id='line_1_26' title="bbox 267 2922 1335 3021; baseline 0.007 -28"><span class='ocrx_word' id='word_1_172' title='bbox 267 2922 412 3013; x_wconf 90' lang='lat' dir='ltr'>copiam</span> <span class='ocrx_word' id='word_1_173' title='bbox 436 2924 667 3021; x_wconf 84' lang='lat' dir='ltr'>denegatam,</span> <span class='ocrx_word' id='word_1_174' title='bbox 702 2925 766 2999; x_wconf 90' lang='lat' dir='ltr'>nisr</span> <span class='ocrx_word' id='word_1_175' title='bbox 790 2946 912 3021; x_wconf 84' lang='lat' dir='ltr'>pravae</span> <span class='ocrx_word' id='word_1_176' title='bbox 940 2926 1070 3001; x_wconf 88' lang='lat' dir='ltr'>mentis</span> <span class='ocrx_word' id='word_1_177' title='bbox 1091 2944 1252 3001; x_wconf 89' lang='lat' dir='ltr'>errorem</span> <span class='ocrx_word' id='word_1_178' title='bbox 1275 2945 1335 3001; x_wconf 88' lang='lat' dir='ltr'>re-</span> 
     </span>
     <span class='ocr_line' id='line_1_27' title="bbox 266 3020 1333 3101; baseline 0.009 -10"><span class='ocrx_word' id='word_1_179' title='bbox 266 3022 450 3098; x_wconf 89' lang='lat' dir='ltr'>vertendo</span> <span class='ocrx_word' id='word_1_180' title='bbox 466 3024 510 3098; x_wconf 89' lang='lat' dir='ltr'>ad</span> <span class='ocrx_word' id='word_1_181' title='bbox 524 3044 647 3098; x_wconf 87' lang='lat' dir='ltr'>veram</span> <span class='ocrx_word' id='word_1_182' title='bbox 665 3020 773 3099; x_wconf 88' lang='lat' dir='ltr'>fidem</span> <span class='ocrx_word' id='word_1_183' title='bbox 788 3025 924 3100; x_wconf 86' lang='lat' dir='ltr'>consilii</span> <span class='ocrx_word' id='word_1_184' title='bbox 942 3024 1194 3100; x_wconf 86' lang='lat' dir='ltr'>emendatione</span> <span class='ocrx_word' id='word_1_185' title='bbox 1210 3044 1333 3101; x_wconf 83' lang='lat' dir='ltr'>corre·</span> 
     </span>
     <span class='ocr_line' id='line_1_28' title="bbox 264 3121 1332 3221; baseline 0.006 -26"><span class='ocrx_word' id='word_1_186' title='bbox 264 3121 398 3201; x_wconf 82' lang='lat' dir='ltr'>xerint.</span> <span class='ocrx_word' id='word_1_187' title='bbox 439 3125 528 3201; x_wconf 90' lang='lat' dir='ltr'>Illos</span> <span class='ocrx_word' id='word_1_188' title='bbox 545 3144 691 3217; x_wconf 88' lang='lat' dir='ltr'>quoque</span> <span class='ocrx_word' id='word_1_189' title='bbox 708 3147 771 3220; x_wconf 90' lang='lat' dir='ltr'>par</span> <span class='ocrx_word' id='word_1_190' title='bbox 788 3125 1020 3203; x_wconf 86' lang='lat' dir='ltr'>nihilominus</span> <span class='ocrx_word' id='word_1_191' title='bbox 1035 3132 1141 3221; x_wconf 82' lang='lat' dir='ltr'>poena</span> <span class='ocrx_word' id='word_1_192' title='bbox 1156 3126 1332 3201; x_wconf 77' lang='lat' dir='ltr'>constrin-</span> 
     </span>
     <span class='ocr_line' id='line_1_29' title="bbox 264 3225 1404 3319; baseline 0.006 -26"><span class='ocrx_word' id='word_1_193' title='bbox 264 3234 354 3314; x_wconf 84' lang='lat' dir='ltr'>gat,</span> <span class='ocrx_word' id='word_1_194' title='bbox 390 3225 450 3314; x_wconf 90' lang='lat' dir='ltr'>qui</span> <span class='ocrx_word' id='word_1_195' title='bbox 467 3238 750 3301; x_wconf 79' lang='lat' dir='ltr'>memoratorum</span> <span class='ocrx_word' id='word_1_196' title='bbox 766 3225 964 3303; x_wconf 63' lang='lat' dir='ltr'>interdictis</span> <span class='ocrx_word' id='word_1_197' title='bbox 982 3226 1133 3301; x_wconf 88' lang='lat' dir='ltr'>coetibus</span> <span class='ocrx_word' id='word_1_198' title='bbox 1153 3225 1217 3319; x_wconf 84' lang='lat' dir='ltr'>seu¹</span> <span class='ocrx_word' id='word_1_199' title='bbox 1230 3228 1334 3318; x_wconf 81' lang='lat' dir='ltr'>mini-</span> <span class='ocrx_word' id='word_1_200' title='bbox 1403 3266 1404 3271; x_wconf 12' lang='grc' dir='ltr'><strong><em>Ν</em></strong></span> 
     </span>
     <span class='ocr_line' id='line_1_30' title="bbox 262 3318 1331 3414; baseline 0.006 -21"><span class='ocrx_word' id='word_1_201' title='bbox 262 3318 379 3393; x_wconf 85' lang='lat' dir='ltr'>steriis</span> <span class='ocrx_word' id='word_1_202' title='bbox 396 3326 613 3414; x_wconf 83' lang='lat' dir='ltr'>praebuerint</span> <span class='ocrx_word' id='word_1_203' title='bbox 630 3328 925 3402; x_wconf 88' lang='lat' dir='ltr'>conniventiam:</span> <span class='ocrx_word' id='word_1_204' title='bbox 949 3327 1001 3401; x_wconf 86' lang='lat' dir='ltr'>ita</span> <span class='ocrx_word' id='word_1_205' title='bbox 1016 3339 1059 3403; x_wconf 89' lang='lat' dir='ltr'>ut</span> <span class='ocrx_word' id='word_1_206' title='bbox 1070 3324 1331 3400; x_wconf 77' lang='lat' dir='ltr'>Moderatores</span> 
     </span>
     <span class='ocr_line' id='line_1_31' title="bbox 260 3416 1333 3524; baseline 0.009 -31"><span class='ocrx_word' id='word_1_207' title='bbox 260 3416 585 3518; x_wconf 86' lang='lat' dir='ltr'>Provinciarum,sr</span> <span class='ocrx_word' id='word_1_208' title='bbox 600 3426 637 3498; x_wconf 94' lang='lat' dir='ltr'>in</span> <span class='ocrx_word' id='word_1_209' title='bbox 654 3441 906 3524; x_wconf 87' lang='lat' dir='ltr'>contemptum</span> <span class='ocrx_word' id='word_1_210' title='bbox 922 3424 1115 3504; x_wconf 76' lang='lat' dir='ltr'>sandiionis</span> <span class='ocrx_word' id='word_1_211' title='bbox 1125 3425 1333 3516; x_wconf 79' lang='lat' dir='ltr'>hujusmodi</span> 
     </span>
     <span class='ocr_line' id='line_1_32' title="bbox 237 3519 1338 3622; baseline 0.009 -33"><span class='ocrx_word' id='word_1_212' title='bbox 237 3602 241 3611; x_wconf 39' lang='grc'>,</span> <span class='ocrx_word' id='word_1_213' title='bbox 262 3519 476 3596; x_wconf 89' lang='lat' dir='ltr'>consensum</span> <span class='ocrx_word' id='word_1_214' title='bbox 490 3527 700 3618; x_wconf 85' lang='lat' dir='ltr'>putaverint</span> <span class='ocrx_word' id='word_1_215' title='bbox 717 3526 1038 3622; x_wconf 87' lang='lat' dir='ltr'>commodandum,</span> <span class='ocrx_word' id='word_1_216' title='bbox 1047 3523 1157 3600; x_wconf 83' lang='lat' dir='ltr'>sciant</span> <span class='ocrx_word' id='word_1_217' title='bbox 1166 3522 1202 3599; x_wconf 91' lang='lat' dir='ltr'>se</span> <span class='ocrx_word' id='word_1_218' title='bbox 1215 3525 1338 3619; x_wconf 69' lang='lat' dir='ltr'>vigim</span> 
     </span>
     <span class='ocr_line' id='line_1_33' title="bbox 261 3617 1331 3717; baseline 0.013 -30"><span class='ocrx_word' id='word_1_219' title='bbox 261 3617 291 3688; x_wconf 89' lang='lat' dir='ltr'>ti</span> <span class='ocrx_word' id='word_1_220' title='bbox 310 3621 479 3695; x_wconf 87' lang='lat' dir='ltr'>librarum</span> <span class='ocrx_word' id='word_1_221' title='bbox 499 3624 573 3695; x_wconf 89' lang='lat' dir='ltr'>auri</span> <span class='ocrx_word' id='word_1_222' title='bbox 588 3646 693 3717; x_wconf 88' lang='lat' dir='ltr'>poena</span> <span class='ocrx_word' id='word_1_223' title='bbox 710 3625 779 3701; x_wconf 83' lang='lat' dir='ltr'>esse</span> <span class='ocrx_word' id='word_1_224' title='bbox 796 3625 1014 3704; x_wconf 82' lang='lat' dir='ltr'>multandos.</span> <span class='ocrx_word' id='word_1_225' title='bbox 1066 3620 1196 3699; x_wconf 77' lang='lat' dir='ltr'>Officio</span> <span class='ocrx_word' id='word_1_226' title='bbox 1221 3626 1331 3701; x_wconf 86' lang='lat' dir='ltr'>etiam</span> 
     </span>
     <span class='ocr_line' id='line_1_34' title="bbox 262 3715 1331 3822; baseline 0.011 -33"><span class='ocrx_word' id='word_1_227' title='bbox 262 3715 325 3789; x_wconf 88' lang='lat' dir='ltr'>sua</span> <span class='ocrx_word' id='word_1_228' title='bbox 337 3721 436 3794; x_wconf 74' lang='lat' dir='ltr'>simili</span> <span class='ocrx_word' id='word_1_229' title='bbox 453 3723 758 3799; x_wconf 86' lang='lat' dir='ltr'>condemnatione</span> <span class='ocrx_word' id='word_1_230' title='bbox 775 3725 1002 3822; x_wconf 79' lang='lat' dir='ltr'>subJuganda.</span> <span class='ocrx_word' id='word_1_231' title='bbox 1033 3722 1250 3818; x_wconf 84' lang='lat' dir='ltr'>Principales</span> <span class='ocrx_word' id='word_1_232' title='bbox 1269 3726 1331 3801; x_wconf 91' lang='lat' dir='ltr'>vel</span> 
     </span>
     <span class='ocr_line' id='line_1_35' title="bbox 263 3815 1332 3919; baseline 0.013 -32"><span class='ocrx_word' id='word_1_233' title='bbox 263 3815 472 3895; x_wconf 89' lang='lat' dir='ltr'>defensores</span> <span class='ocrx_word' id='word_1_234' title='bbox 487 3823 697 3917; x_wconf 87' lang='lat' dir='ltr'>civitatum,</span> <span class='ocrx_word' id='word_1_235' title='bbox 719 3825 782 3899; x_wconf 86' lang='lat' dir='ltr'>nist</span> <span class='ocrx_word' id='word_1_236' title='bbox 797 3824 856 3917; x_wconf 91' lang='lat' dir='ltr'>id,</span> <span class='ocrx_word' id='word_1_237' title='bbox 875 3824 974 3916; x_wconf 92' lang='lat' dir='ltr'>quod</span> <span class='ocrx_word' id='word_1_238' title='bbox 989 3824 1234 3919; x_wconf 74' lang='lat' dir='ltr'>precipimus,</span> <span class='ocrx_word' id='word_1_239' title='bbox 1253 3824 1332 3901; x_wconf 90' lang='lat' dir='ltr'>fue·</span> 
     </span>
     <span class='ocr_line' id='line_1_36' title="bbox 262 3916 1330 4019; baseline 0.014 -34"><span class='ocrx_word' id='word_1_240' title='bbox 262 3916 337 3987; x_wconf 85' lang='lat' dir='ltr'>rint</span> <span class='ocrx_word' id='word_1_241' title='bbox 362 3919 542 4017; x_wconf 85' lang='lat' dir='ltr'>exsecuti,</span> <span class='ocrx_word' id='word_1_242' title='bbox 574 3925 637 3996; x_wconf 93' lang='lat' dir='ltr'>vel</span> <span class='ocrx_word' id='word_1_243' title='bbox 665 3924 718 3998; x_wconf 92' lang='lat' dir='ltr'>his</span> <span class='ocrx_word' id='word_1_244' title='bbox 743 3923 976 4019; x_wconf 74' lang='lat' dir='ltr'>presentibus</span> <span class='ocrx_word' id='word_1_245' title='bbox 998 3920 1166 3997; x_wconf 82' lang='lat' dir='ltr'>Ecclefiae</span> <span class='ocrx_word' id='word_1_246' title='bbox 1194 3920 1330 3999; x_wconf 86' lang='lat' dir='ltr'>Catho-</span> 
     </span>
     <span class='ocr_line' id='line_1_37' title="bbox 261 4014 1331 4203; baseline 0.006 -109"><span class='ocrx_word' id='word_1_247' title='bbox 261 4014 341 4095; x_wconf 80' lang='lat' dir='ltr'>lice</span> <span class='ocrx_word' id='word_1_248' title='bbox 360 4021 417 4096; x_wconf 91' lang='lat' dir='ltr'>vis</span> <span class='ocrx_word' id='word_1_249' title='bbox 436 4021 546 4102; x_wconf 76' lang='lat' dir='ltr'>suerit</span> <span class='ocrx_word' id='word_1_250' title='bbox 567 4026 686 4122; x_wconf 82' lang='lat' dir='ltr'>illata,</span> <span class='ocrx_word' id='word_1_251' title='bbox 712 4025 838 4203; x_wconf 58' lang='lat' dir='ltr'>eadegr</span> <span class='ocrx_word' id='word_1_252' title='bbox 859 4024 972 4103; x_wconf 81' lang='lat' dir='ltr'>turrita</span> <span class='ocrx_word' id='word_1_253' title='bbox 993 4021 1030 4111; x_wconf 85' lang='lat' dir='ltr'>se</span> <span class='ocrx_word' id='word_1_254' title='bbox 1046 4023 1225 4103; x_wconf 88' lang='lat' dir='ltr'>noverint</span> <span class='ocrx_word' id='word_1_255' title='bbox 1240 4025 1331 4101; x_wconf 81' lang='lat' dir='ltr'>adti-</span> 
     </span>
     <span class='ocr_line' id='line_1_38' title="bbox 850 4142 1306 4225; baseline -0.009 -26"><span class='ocrx_word' id='word_1_256' title='bbox 850 4148 877 4225; x_wconf 72' lang='grc'>4</span> <span class='ocrx_word' id='word_1_257' title='bbox 1203 4142 1306 4198; x_wconf 72' lang='lat' dir='ltr'>neo·</span> 
     </span>
    </p>
   </div>
   <div class='ocr_carea' id='block_1_3' title="bbox 0 0 1604 4784">
    <p class='ocr_par' dir='ltr' id='par_1_3' title="bbox 0 0 1604 4784">
     <span class='ocr_line' id='line_1_39' title="bbox 0 0 1604 4784; baseline 0 7"><span class='ocrx_word' id='word_1_258' title='bbox 0 0 1604 4784; x_wconf 95' lang='lat' dir='ltr'> </span> 
     </span>
    </p>
   </div>
  </div>
 </body>
</html>
