3200 4784
420 414 480 507 oe
497 390 902 485 unumunurn
925 388 1175 472 Hrseorra.
1207 466 1211 475 ,
1258 408 1331 489 ιιι,

264 575 362 636 mam
377 574 437 631 me
452 554 628 631 excedere
642 572 719 629 nou
737 552 838 647 posse
855 554 1050 646 Imperialis
1064 556 1214 630 oruenll.
1247 552 1287 627 N
1289 574 1335 630 ec

264 664 363 732 enim
382 655 570 748 injudicio
588 674 672 728 meo
688 655 887 748 legatorum
906 668 1043 728 certum
1062 653 1113 728 est
1128 653 1252 728 discuti
1271 656 1333 728 dc·

223 809 225 812 -
261 760 354 831 bere
371 754 552 850 personas.
584 753 694 826 Unde
709 751 1045 847 gestarelegantur,
1062 768 1125 846 ut,
1144 756 1222 845 quis
1239 756 1332 846 peti·

262 857 358 929 toris
382 856 471 927 loco
491 851 649 942 adsistat,
679 854 806 924 clarius
828 852 1102 927 demonstretur.
1149 858 1333 927 Aseosatus

263 959 332 1029 Es
297 957 434 1049 piscopos
458 957 570 1027 dixit:
614 954 701 1025 Hoc
725 950 924 1044 Imperator
951 972 1027 1026 nou
1054 955 1251 1046 precepit,
1288 966 1333 1029 ut

262 1053 361 1151 gesta
382 1050 568 1127 illustrium
590 1049 844 1124 Potestatum
834 1072 871 1123 m
889 1051 1027 1142 judicio
1044 1053 1269 1151 prodantur,
1295 1055 1332 1127 dr

260 1171 384 1227 tamen
411 1153 514 1225 datur
535 1149 690 1231 adverse
716 1152 807 1242 parti
829 1150 978 1224 licentia
1004 1152 1192 1243 prodendi
1243 1152 1332 1225 Pro·

262 1254 356 1329 dunt
374 1252 464 1344 ipss,
498 1272 577 1343 que
598 1252 755 1342 volunt,
782 1251 889 1324 nobie
910 1270 986 1323 non
1004 1250 1127 1323 sinitur
1149 1255 1330 1347 accipere,

265 1352 365 1443 quod
379 1349 568 1445 poscimus.
599 1353 645 1422 Et
660 1353 727 1420 alio
740 1375 850 1421 mauu.
901 1346 1113 1425 Adeodatus
1131 1306 1333 1444 Episcopus

260 1450 559 1567 prolocutionem
581 1471 695 1524 meam
723 1447 820 1521 salva
844 1450 1087 1543 appellatione
1110 1454 1331 1547 recognovi.

265 1553 479 1622 Morcesinus
499 1557 557 1621 vir
579 1546 763 1640 ciarffsmus
787 1542 950 1621 ‘Tribunus
973 1547 1012 1625 (s
1038 1552 1197 1627 Notarius
1220 1557 1331 1626 dixrlr

263 1645 316 1719 Et
333 1647 492 1721 senilitas
510 1663 571 1721 tua
588 1668 809 1740 quecunque
827 1646 922 1744 gesta
943 1648 1140 1735 obtulerit,
1167 1653 1226 1722 vel
1246 1672 1333 1743 pro

262 1750 416 1822 laturam
436 1746 481 1822 se
489 1747 558 1821 elle
578 1749 780 1840 promittit,
814 1745 953 1823 necesse
974 1745 1048 1837 est,
1073 1761 1115 1820 ut
1135 1750 1256 1822 eadem
1275 1772 1332 1824 re·

263 1847 442 1941 legantur.
468 1850 644 1919 Aderimus
659 1848 824 1944 Episcopus
841 1851 941 1918 dixis:
965 1850 1200 1945 Quaecunque
1218 1849 1332 1925 cause

262 1944 457 2024 necessaria
481 1944 583 2037 sunt,
615 1949 737 2042 negari
758 1967 836 2019 non
852 1948 1004 2022 debent.
1058 1949 1105 2018 Es
1129 1951 1196 2018 olio
1219 1973 1333 2026 mauu.

263 2044 482 2118 Adeodatus
504 2044 701 2141 Episcopus
721 2045 1012 2140 prosecutionem
1028 2068 1142 2121 meam
1157 2047 1253 2123 selva
1271 2072 1333 2145 ap·

264 2147 466 2239 pellatione
482 2148 697 2243 recognovi.
748 2146 963 2218 Marcellinus
980 2151 1037 2218 uir
1053 2149 1236 2244 oloriffimus
1255 2148 1333 2221 Tri·

265 2245 368 2315 ouum
387 2244 424 2320 (ι
442 2249 605 2318 Notarius
622 2250 727 2319 dixis:
753 2245 880 2320 Patere
900 2247 1028 2343 igitur,
1053 2261 1095 2320 ut
1110 2248 1207 2339 hoc,
1231 2249 1333 2340 quod

265 2343 378 2418 cause
396 2348 542 2440 proprie
558 2344 787 2420 necessarium
805 2347 892 2419 dicit
910 2367 989 2438 pars
1009 2346 1183 2418 ediverso
1197 2346 1332 2437 srllens,

266 2447 313 2517 ab
338 2442 460 2517 officio
485 2461 669 2525 recitetur.
720 2447 897 2518 Adoodorus
914 2446 1080 2539 Episcopus
1101 2447 1206 2515 dixit:
1234 2445 1335 2518 Con-¹

263 2544 397 2618 cedere
419 2566 494 2616 non
519 2545 682 2638 possum,
708 2557 750 2617 ut
771 2564 834 2633 ea,
860 2563 937 2630 quae
958 2544 1112 2635 volunt,
1137 2544 1175 2616 in
1192 2544 1332 2634 jndicio

262 2647 471 2729 ventilent,
498 2643 641 2732 nister,
675 2661 753 2730 quae
767 2641 812 2712 de
828 2639 905 2732 ipso
923 2639 1106 2734 flagitavi,
1135 2643 1172 2714 in
1191 2645 1332 2735 judicio

265 2740 542 2830 deprompserit.
586 2741 725 2810 Erotio
750 2764 860 2815 mauu.
901 2736 1113 2813 Adeodatus
1133 2738 1331 2836 Episcopus

262 2836 563 2933 prosecutionem
590 2859 704 2912 meam
731 2837 826 2912 salva
850 2840 1089 2931 appellatione
1114 2846 1332 2933 recognovi.

265 2938 460 3032 Augustinus
477 2939 637 3035 Episcopus
653 2937 788 3047 Essiefiae
803 2938 931 3009 Cathol'
919 2962 970 3008 ιιι
903 2933 1080 3010 ldixr't:
1107 2936 1145 3011 N
1148 2960 1190 3015 os
1206 2940 1268 3015 ista
1285 2944 1333 3018 de

269 3039 426 3110 archivis
441 3039 653 3131 accepimus.
702 3035 738 3109 Si
752 3030 839 3129 uuid
855 3035 925 3123 est,
945 3038 1044 3129 quod
1061 3037 1151 3112 &tu
1167 3042 1332 3136 accipere

266 3136 439 3230 potuisti
465 3136 726 3210 ssrecitaudum
749 3089 978 3231 poposceiis,
1005 3137 1202 3213 &anobis
1222 3140 1335 3216 fueris

268 3233 552 3327 contraditum,
578 3237 722 3328 iniquos
747 3236 900 3329 deputa,
926 3236 1099 3312 &vicem
1123 3240 1245 3316 redde.
1283 3243 1337 3314 Es

268 3336 336 3406 osia
353 3360 459 3408 manu.
485 3335 717 3432 Recognovi.
756 3338 965 3407 Moralsinus
971 3339 1237 3433 virososilfimus
1256 3335 1335 3412 Tri

268 3435 371 3505 sunus
396 3435 436 3511 U
461 3438 622 3511 Mrarius
646 3437 753 3508 dixis:
789 3433 1031 3528 Suspicionem
1053 3437 1196 3529 judiciis
1222 3437 1333 3535 sacis,

269 3535 370 3626 quod
396 3555 437 3607 ea
464 3553 541 3608 non
566 3537 719 3628 pateris,
753 3554 835 3607 cum
861 3534 993 3609 &tibi
1009 3533 1063 3608 saa
1087 3535 1131 3608 sst
1154 3536 1334 3632 universa,

270 3652 349 3724 que
362 3630 556 3729 ingesseris,
574 3634 755 3726 pubicare.
780 3633 890 3707 Unde
906 3634 1050 3707 tandem
1066 3635 1257 3724 aliquando
1274 3658 1339 3733 es,-

270 3752 349 3850 quae
367 3734 490 3808 oblata
512 3730 612 3825 sunt,
637 3736 847 3808 recitentur.
903 3734 1084 3805 Poriliouus
1103 3735 1269 3832 Episcopus
1283 3739 1347 3809 di:

271 3834 343 3904 sis:
369 3829 535 3906 Noluisse
551 3833 785 3927 pronuntiare
797 3829 1012 3924 potestatem
1025 3845 1140 3921 tuam
1164 3835 1263 3926 quod
1275 3858 1336 3931 pe

272 3929 406 4011 timus‚
430 3928 505 4007 adca
526 3933 749 4009 contineant.
800 3928 963 4005 Ulterius
981 3950 1057 4005 non
1075 3885 1255 4025 poisumus
1276 3937 1337 4015 ali·

274 4030 361 4128 quid
382 4030 532 4131 dicere,
564 4035 717 4114 maxiem
740 4050 822 4108 curo
841 4029 983 4109 uideam
1002 4030 1215 4129 potestatem
1237 4046 1359 4117 tuere·

790 4126 906 4228 Kks
1195 4131 1307 4205 maun
