3200 4784
432 405 490 464 ne
516 361 918 466 Donarrsrnnuu
942 386 1202 463 Hrs‘rourrt.
1278 410 1343 483 151

281 550 355 624 tius
374 569 477 640 quarn
494 563 675 623 tormenta
695 547 889 633 sentiebat,
917 547 1113 641 &recepta
1128 551 1164 622 in
1184 562 1342 626 tormen-

227 719 231 728 ,
282 652 329 722 tis
346 647 578 741 fortitudine,
606 650 795 734 fortillrmis
814 649 966 720 vocibus
987 651 1223 723 exclamabat:
1249 649 1341 724 Scri·
1383 681 1385 686 ·

277 764 403 843 pturas
428 750 623 823 dominicas
649 750 788 840 habeo,
815 746 873 819 sed
890 749 925 819 in
943 747 1054 819 corde
1072 768 1167 823 meo.
1214 747 1339 846 Rogo,

280 843 458 939 Christe,'
475 850 517 921 da
537 847 787 921 sufferentiam.
838 847 926 939 Spes
947 845 997 918 est
1015 848 1126 937 uitae,
1161 845 1339 922 Anulinus

278 948 415 1038 inquit:
449 949 571 1048 Quare
590 964 716 1020 contra
735 962 951 1039 preceptum
970 944 1153 1018 faciebas?
1180 946 1335 1040 Respon-

277 1046 352 1137 dit,
380 1047 460 1140 quia
480 1046 694 1120 Christianus
715 1045 797 1119 sum.
850 1050 936 1144 Quo
958 1047 1104 1136 audito,
1133 1043 1260 1136 Parce,
1286 1050 1336 1121 in·

276 1147 366 1240 quit.
416 1142 464 1218 Et
478 1146 590 1220 statim
607 1146 759 1220 cellante
772 1159 957 1220 tormento
974 1147 1008 1217 in
1023 1146 1175 1237 patrium
1192 1145 1336 1220 consor·

275 1241 366 1320 tiuin
386 1247 572 1340 relegatur.

325 1383 329 1396 =
354 1366 409 1435 13.
445 1343 585 1419 Interea
609 1344 793 1438 mergebat
825 1345 862 1418 in
891 1341 1033 1417 nonem
1064 1343 1161 1416 horis
1189 1343 1358 1414 labenti»

274 1446 344 1522 bur
367 1445 461 1530 dies,
487 1445 732 1518 &consumtis
754 1463 834 1515 cum
860 1437 935 1514 ¹sole
955 1444 1166 1533 tormentis,
1200 1440 1335 1513 defecit

273 1556 354 1618 atra
374 1557 557 1618 tortorum
579 1545 714 1623 rabies,
748 1542 781 1614 dt
806 1564 884 1615 cum
909 1540 956 1614 sui
976 1541 1104 1634 judicis
1124 1541 1334 1613 crudelitate

274 1643 477 1737 languebat.
527 1642 595 1716 Sed
615 1642 775 1737 legiones
794 1644 1003 1733 dominicae,
1030 1642 1211 1733 inquibus
1233 1637 1334 1710 Chri·

270 1740 367 1830 stus,
388 1755 600 1834 perpetuum
617 1743 758 1831 lumen,
774 1762 952 1814 armorum
970 1739 1160 1813 coelestium
1179 1736 1332 1810 corusco

271 1838 466 1929 splendore
483 1842 658 1935 fulgebat,
685 1839 835 1921 fortius,
857 1854 962 1930 atquc
976 1838 1192 1911 constantius
1206 1840 1242 1910 in
1257 1858 1331 1909 ccr-

272 1939 407 2008 tamina
433 1940 648 2028 prosilibant.
708 1938 798 2013 Cum
824 1959 923 2010 vero.
939 1936 1156 2010 aduersarius
1182 1937 1332 2009 Domini

270 2047 334 2107 tot
349 2035 553 2128 Martyrum
574 2040 701 2131 proeliis
722 2037 967 2134 gloriostllimis
987 2035 1124 2129 viatus,
1150 2039 1331 2127 tantisque

272 2155 317 2206 ac
341 2136 469 2207 talibus
491 2139 793 2234 congreffionibus
816 2138 1018 2231 superatus,
1046 2136 1203 2212 desertus
1224 2138 1330 2234 adie,
1388 2139 1393 2148 '

270 2235 547 2326 comprehensus
565 2258 585 2309 a
602 2236 732 2329 nocie,
759 2232 950 2310 deficiente
966 2238 1037 2330 jam
1058 2235 1260 2309 carnificum
1278 2258 1329 2307 ra-

269 2333 353 2425 bie,
382 2333 632 2431 profligaturus
652 2355 731 2410 cum
746 2338 885 2432 lingulis
901 2337 1073 2432 congredi
1090 2339 1236 2409 ulterius
1252 2355 1329 2406 non

270 2434 435 2524 valeret,
467 2436 579 2507 totius
604 2438 783 2509 exercitus
806 2438 953 2510 Domini
981 2439 1117 2508 animos
1141 2450 1328 2526 perconta-

267 2543 357 2621 tur,
399 2531 625 2626 devotasque
655 2534 854 2608 sanctorum
881 2544 1017 2608 mentes
1046 2537 1106 2603 tali
1132 2535 1354 2626 interroga·x

267 2630 373 2701 tione
387 2632 586 2724 propulsat:
622 2634 790 2721 Vidistis,
816 2635 948 2723 inquit,
976 2653 1061 2722 eos,
1089 2633 1148 2720 qui
1165 2631 1327 2720 perseue-

267 2746 464 2820 rauerunt,
492 2733 575 2820 quid
593 2721 849 2818 sustinuerunt,
878 2732 935 2800 vel
957 2730 1039 2819 quid
1060 2730 1096 2800 in
1115 2728 1170 2799 lua
1190 2726 1327 2799 confes·
1350 2741 1352 2748 ’

262 2826 368 2910 ,ῦοηε
392 2827 587 2920 perstantes
616 2827 730 2898 adhuc
753 2829 909 2900 habeant
935 2828 1109 2900 sustinere.
1160 2827 1209 2899 Et
1228 2827 1325 2921 idco,

267 2927 328 3016 qui
348 2927 428 2995 vult
446 2947 491 2996 ex
512 2926 619 2998 vobis
637 2925 686 3008 ad,
698 2926 952 3023 indulgentiam
971 2930 1183 3020 pervenire,
1208 2941 1250 2996 ut
1268 2927 1326 2998 lal-

266 3046 338 3095 vus
369 3022 437 3095 elie
466 3022 596 3115 poffit,
632 3022 854 3117 profiteatur.
916 3029 973 3100 nd
1000 3029 1079 3100 lraec·
1105 3025 1326 3102 confellortu

263 3122 440 3213 Domini,
471 3121 616 3217 glorioli
636 3124 816 3217 Martyres
835 3124 980 3210 Christi,
1012 3126 1105 3218 laeti,
1140 3132 1181 3199 ¹ac
1203 3115 1325 3200 trium-

264 3223 419 3311 phantes
448 3220 572 3314 simul,
608 3242 684 3294 non
710 3243 758 3296 ex
782 3225 1009 3298 Proconsulis
1034 3225 1163 3318 diuis,
1196 3223 1254 3298 sed
1281 3247 1326 3299 ex

266 3315 419 3390 victoria
436 3320 599 3410 pullionis
616 3320 738 3414 spiritu
752 3323 786 3400 S.
802 3323 988 3398 feruentes
1002 3325 1158 3418 fortius,
1184 3326 1326 3397 clarius-

264 3438 338 3508 que
358 3430 523 3508 tanquam
541 3440 586 3490 err
601 3441 677 3504 uno
695 3444 761 3495 ore
776 3424 961 3497 dixerunt:
995 3423 1179 3498 Christiani
1196 3423 1322 3497 sumus.

263 3519 350 3613 Qua
369 3537 466 3588 voce
480 3517 677 3608 prostratus
693 3519 743 3593 est
759 3522 943 3605 diabolus,
971 3521 1206 3598 &conculius
1226 3521 1323 3593 Anu-

262 3617 357 3688 linus
383 3615 650 3708 confususque,
685 3642 813 3694 omnes
837 3621 973 3695 sanctos
994 3626 1031 3696 in
1053 3641 1232 3695 carcerem
1253 3637 1321 3692 tra·

263 3713 375 3806 dens,
402 3715 484 3786 illos
501 3716 682 3809 Martyrio
703 3721 903 3794 destinavit.

340 3811 1323 3899 14.Etnedevotiffimusfoeminarumsexusllorentiffi·

257 3932 416 4002 'musque
439 3910 612 3996 sacrarum
634 3918 820 4012 Virginum
848 3919 981 3990 chorus
1006 3919 1206 3992 certaminis
1232 3919 1321 3989 tanti

261 4009 381 4106 gloria
405 4015 629 4112 privaretur,
655 4015 970 4189 ornnestoeminae,
997 4015 1139 4091 Christo
1159 4017 1322 4090 Domino

304 4133 308 4142 ·
832 4137 856 4205 4
1176 4137 1271 4187 auxt-
