3200 4784
407 414 468 474 ns
492 387 1187 491 D-o·risrrsrsnuuli1rronrsi
1252 410 1325 499 142,

261 569 478 660 peroratur,
511 573 601 630 cum·
619 556 716 651 prius
739 556 937 649 incipitur,
964 569 1011 630 ut
1034 561 1142 633 etiam
1165 558 1327 652 personae

263 650 455 745 constent,
489 655 579 729 stare
600 655 756 752 fingulos
777 656 925 745 deceat,
950 654 1220 755 uquibussubire
1240 682 1329 751 eon·

262 762 369 856 tingit
393 754 661 848 disceptationis
684 776 846 829 examen.
899 753 1030 829 Et'alia
1045 781 1154 841 manu.
1189 757 1329 835 Petilia·

262 879 331 934 uns
351 854 552 948 Episcopus
569 854 786 952 recognovi.
1101 934 1104 939 ,
1364 878 1368 885 ’

342 957 423 1046 146.
451 957 662 1029 Marcilium
682 955 740 1023 uir
762 944 952 1045 clariffirrrus
977 945 1142 1028 tillense
1164 952 1203 1032 U
1222 954 1328 1031 nnis·

259 1061 336 1137 sius
353 1059 460 1124 dixit:
496 1054 680 1149 Quoniam
702 1054 826 1128 oblata
847 1054 986 1127 recusat
1007 1052 1169 1129 saunitas
1195 1054 1328 1151 vestra,

262 1176 346 1250 pars
358 1156 417 1227 illa
430 1148 610 1226 sananda
624 1147 695 1243 est,
714 1166 776 1245 ut,
795 1154 889 1244 quia,
905 1152 996 1226 ficut
1009 1155 1131 1229 voluit
1142 1153 1259 1229 vestra
1272 1178 1329 1237 te·

262 1256 373 1351 ligio,
393 1251 665 1368 unipersorum,
689 1254 748 1343 qui
763 1249 1061 1344 subscripserunt,
1088 1253 1330 1334 demonstrata

263 1351 450 1449 praesentia
461 1352 530 1443 est,
546 1348 737 1428 secundum
749 1350 903 1425 sormam
913 1350 1063 1427 coelestis
1074 1354 1210 1427 oraculi
1222 1352 1329 1447 spon·

263 1454 372 1529 lionis
397 1470 543 1543 quoque
566 1449 691 1522 vestrae
714 1470 894 1526 memores
916 1452 1078 1547 deligatis
1094 1453 1249 1527 idoneos
1264 1474 1330 1527 ve·

264 1546 342 1627 strae
358 1550 492 1625 scilicet
511 1547 708 1623 assertionis
723 1547 886 1643 stiores,
912 1551 1038 1642 quibua
1054 1546 1329 1648 disputantibus,

265 1666 374 1742 atque
388 1648 624 1725 multitudinis
640 1648 735 1722 sicut
757 1662 842 1723 ante
863 1648 1032 1742 placuit,
1047 1651 1258 1727 confufione
1278 1650 1329 1725 se·

264 1748 380 1841 clusa,
401 1751 508 1843 plene
523 1748 654 1841 poffint
670 1740 836 1821 universa
853 1747 1037 1845 cognosci.

340 1869 420 1944 ¹47·
452 1851 614 1919 limerirus
641 1849 807 1944 Episcopus
830 1846 936 1919 dixit:
971 1848 1046 1922 Res
1072 1844 1235 1939 invado
1263 1844 1330 1944 est,
1383 1880 1386 1889 ¹

264 1948 507 2027 mandantium
523 1945 674 2040 persona
692 1944 843 2040 praesens
863 1944 933 2035 est,
959 1948 1163 2024 mandatum
1181 1969 1329 2042 quoque

259 2046 431 2136 ¹ferimus3
458 2044 516 2119 sed
534 2062 576 2117 ut
594 2045 755 2121 aiterum
773 2042 870 2119 fides·
885 2047 994 2121 etiam
1013 2068 1095 2123 cum
1112 2045 1234 2123 nostra
1251 2050 1331 2122 sub·

264 2142 459 2240 scriptione
482 2145 739 2238 adstipuletur,
773 2144 807 2219 dt
830 2142 999 2238 proseffio
1020 2149 1259 2244 recitabitur,
1293 2149 1329 2223 dt

266 2267 344 2339 quae
364 2246 401 2319 in
423 2247 560 2339 placito
584 2242 776 2338 subscripta
799 2245 902 2338 sunt,
924 2243 1009 2320 abbis
1027 2249 1227 2322 haerebunt.
1279 2246 1330 2319 Et

263 2350 332 2422 alia
352 2369 461 2419 manu.
513 2343 693 2420 Emeritos
708 2342 910 2440 Episcopus
926 2349 1143 2443 recognovi.
1314 2418 1318 2429 ,

343 2453 424 2536 148.
450 2446 662 2515 Marcellinus
683 2452 742 2513 uir
764 2442 956 2534 clariffimus
982 2442 1148 2516 Tribunus
1164 2442 1204 2519 ὕ
1221 2446 1332 2518 Nom

265 2552 332 2620 rius
350 2549 455 2617 dixit.-
489 2542 697 2637 susceptum
720 2540 925 2615 mandatum
941 2543 986 2614 ab
1004 2539 1128 2622 officio
1143 2545 1330 2619 recitetur.

267 2648 399 2719 Etcum
416 2640 634 2733 tradidissent,
660 2641 855 2728 Rufinianus
868 2640 1024 2730 subscribo
1039 2648 1211 2713 recitauit:
1243 2640 1331 2720 Post

266 2741 499 2817 Consulatum
526 2738 680 2816 Varanis
704 2738 774 2809 vid
797 2733 967 2815 clarissimi
990 2738 1124 2816 adiuvo
1141 2736 1224 2816 Kal.
1244 2742 1330 2837 Jun.

268 2840 470 2937 Carthagini
482 2841 738 2936 Januarianuss
760 2834 977 2934 Primianus,
999 2834 1124 2930 Felix,
1143 2840 1331 2937 Donatus,

266 2939 490 3033 candorius,
517 2937 698 3031 Optatus,
719 2935 968 3029 Donatianis,
990 2937 1244 3029 Antonianus,
1265 2940 1332 3015 Vi-

267 3040 474 3132 storianus‚
510 3033 632 3110 Fortis
658 3035 864 3129 decasteri,
899 3034 1102 3132 Primiano,
1130 3037 1331 3137 nPetiliano,

265 3137 452 3230 Emerita,
486 3135 671 3229 Protafio,
703 3135 913 3228 Montano,
948 3132 1178 3231 Gaudentio,
1205 3140 1332 3231 Adeo·

267 3234 355 3312 dato
376 3234 610 3332 Coepiscopis
630 3233 759 3309 nostris
782 3232 969 3328 presentes
990 3236 1220 3329 presentibus
1243 3236 1332 3311 salu·

266 3351 354 3412 tem.
404 3335 617 3409 Mandamus
632 3335 739 3409 vobis
757 3331 925 3407 Ecclessae
943 3333 1014 3407 Dei
1027 3330 1181 3424 causam,
1209 3334 1332 3413 defen'·

266 3431 436 3527 soresque
455 3456 525 3506 vos
541 3433 688 3507 facimus
706 3432 873 3508 adversus
888 3430 1101 3507 Traditores
1124 3429 1334 3529 persecuto·

265 3556 396 3627 resque
417 3532 580 3623 nostros,
605 3532 665 3623 qui
684 3551 754 3605 nos
771 3530 959 3626 injudicio
977 3535 1046 3607 viri
1063 3530 1232 3607 clariffimi
1243 3533 1334 3630 Spe·

265 3632 400 3709 stabilis
412 3628 565 3705 Tribuni
582 3629 616 3701 dc
633 3630 776 3703 Notarii
794 3629 999 3705 Marcellini
1013 3652 1078 3726 per
1100 3631 1333 3724 supplicatio·

265 3754 349 3809 nem
368 3729 464 3807 stram
484 3726 672 3825 proposito
691 3728 815 3811 editio,
830 3734 1031 3823 inquietare
1045 3729 1265 3827 voluerunt,
1287 3745 1332 3809 ut

265 3853 393 3925 eorum
414 3828 677 3906 intentionibus
699 3827 957 3921 respondeatis.
1017 3824 1201 3931 Quidquid
1220 3832 1333 3927 egeri·

265 3933 312 4005 tis
335 3951 406 4026 pro
430 3930 522 4021 statu
544 3927 667 4003 sanna
684 3923 878 4023 Ecclesrae,
911 3945 1028 4003 ratum
1051 3948 1121 4003 nos
1141 3927 1331 4006 habituros

265 4029 388 4108 nostra
399 4029 657 4130 subscriptione
671 4024 899 4126 profitemur.
935 4025 1182 4125 stammana.
1203 4027 1340 4200 Qus
