3200 4784
529 299 1338 442 filiiflii'lienii'a'ess'dian't'e'niniiss'
1362 298 1422 420 '131

531 453 665 540 indeo,
679 467 846 541 magnum
861 447 993 516 volunt
1006 440 1147 515 adferre
1159 444 1422 535 compendiun

533 551 670 626 causan
691 567 767 619 non
791 546 969 637 objiciunt
987 539 1177 632 Ecclefiae‚
1214 562 1327 632 quam
1349 559 1422 620 ten

534 667 639 740 cant,
668 647 752 738 quid
775 645 808 718 ei
834 645 1018 735 objiciant.
1069 640 1105 712 Si
1130 642 1224 714 enim
1242 643 1367 736 nihil,
1399 667 1422 738 q

533 745 682 823 ramur?
707 748 743 819 oi
762 745 893 842 aliquid
906 755 1036 837 praeter
1052 739 1190 814 causam
1206 738 1422 818 Caecilieni.

535 847 715 933 offerant,
742 845 777 915 id
796 843 998 917 ostendant.
1036 842 1296 916 Etaliamanu.
1331 842 1422 918 Rec

613 970 695 1036 227.
728 944 907 1014 lautianm
925 945 1091 1036 Eptleopus
1107 944 1213 1016 dixit:
1239 937 1310 1014 Tu
1331 946 1420 1034 quis

535 1069 576 1123 es
595 1045 796 1130 Caeeiliani,
826 1063 869 1112 an
883 1039 985 1113 non?
1011 1053 1113 1112 tenet
1128 1055 1165 1112 te
1183 1038 1329 1114 crimen
1348 1042 1422 1118 Cae·

367 1153 370 1160 ·
500 1171 503 1178 ·
535 1167 642 1235 non,
662 1143 688 1216 s1
710 1139 845 1214 fueriti
878 1143 1007 1210 Etcum
1023 1143 1147 1212 diceret.
1184 1140 1325 1212 Etolia
1342 1168 1422 1215 man

536 1268 605 1323 nus
619 1241 819 1336 Episcopus
835 1240 1076 1336 appellatione
1090 1239 1265 1316 incolumi
1283 1261 1422 1341 recogi

614 1351 696 1422 228.
709 1342 901 1436 Augustinus
911 1338 1075 1438 Episcopus
1083 1337 1218 1431 Ecclefiae
1226 1343 1416 1416 Catholicae

357 1397 363 1466 ἐ
507 1447 575 1519 ‚in
588 1442 748 1516 Ecclefia
763 1440 859 1535 sum,
879 1442 916 1528 in
932 1461 1002 1534 qua
1014 1437 1225 1514 Caecilianuo
1238 1437 1332 1520 fuit.
1364 1448 1422 1522 Et

537 1540 772 1638 Recognovi.

617 1664 699 1736 229.
716 1640 894 1712 Petilianus
906 1639 1071 1734 Episcopus
1079 1640 1184 1736 cinit:
1198 1633 1319 1715 Unde
1332 1663 1422 1738 coep

537 1743 649 1818 habes
667 1755 804 1832 patrem
816 1740 844 1813 2³
860 1739 1034 1829 Alioquin
1052 1736 1076 1809 si
1096 1754 1235 1830 patrem
1248 1753 1365 1818 tuum
1386 1746 1422 1816 d:

537 1841 746 1916 haereticum
762 1853 809 1912 -te
834 1837 905 1912 elie
929 1833 1135 1931 profiteris,
1172 1837 1234 1930 qui
1250 1857 1337 1931 nec
1363 1846 1422 1916 ori

538 1941 696 2030 habere,
723 1959 792 2011 nec
816 1952 966 2030 patrem.
1012 1935 1060 2010 Et
1077 1939 1144 2007 alia
1161 1959 1271 2011 manu.
1314 1940 1422 2017 Petil

538 2039 670 2134 scopus
688 2038 931 2130 appellatione
949 2037 1122 2110 incolumi
1140 2043 1374 2132 recognovi.

616 2160 697 2229 230.
729 2139 922 2231 Augustinus
950 2139 1112 2232 Episcopus
1140 2135 1276 2229 Ecclefiae
1307 2141 1422 2216 Cathn

359 2193 373 2272 -ῗ
397 2265 401 2273 ·
537 2237 581 2313 ln
604 2235 764 2332 ,Ecclesia
790 2234 934 2325 sumus,
959 2237 997 2308 in
1023 2256 1092 2325 qua
1116 2232 1337 2328 Caeeilianus
1361 2241 1422 2340 Ep

537 2335 659 2434 gestit,
686 2335 835 2408 &diem
857 2336 959 2445 obiit.
1009 2331 1097 2426 Ejus
1122 2353 1257 2443 nomen
1277 2338 1328 2410 ad
1356 2345 1422 2416 alt:
