3200 4784
392 430 454 531 nr
477 408 872 515 Βοιιιιιιιιιιιιιιι
895 374 1148 489 Ηιιτιιιιιι.
1237 433 1311 511 473

240 587 363 649 tannen
389 526 560 665 quidquid
583 571 693 644 vobis
718 570 763 645 ed
788 559 1056 652 tnstr'ul'tionern
1081 570 1312 669 plenissimam

244 671 440 749 credidistis
462 669 563 769 posse
582 667 759 758 sufficere,
791 670 957 747 hesterna
979 672 1038 745 die
1064 673 1114 744 dr
1121 655 1311 766 postulasse

242 795 316 846 vos
332 772 364 844 dr
378 768 551 886 nemisse
566 790 642 848 nou
657 769 805 849 dubium
815 770 876 853 est
903 770 1011 851 Unde
1028 792 1126 851 nuuc
1141 773 1185 850 ed
1198 771 1310 851 causae

242 873 410 953 meritum
431 871 608 949 veniatur

321 1014 341 1085 3
345 1011 379 1082 5.
409 992 591 1065 Petilisnus
608 987 776 1086 Episcopus
792 989 894 1062 lixis:
921 985 1099 1078 Advertit
1116 988 1310 1068 sublimitas
1326 1006 1332 1033 '

244 1105 332 1182 tua,
358 1102 592 1205 exceptorem
611 1108 657 1163 ex
679 1087 865 1165 codicibus
889 1087 1031 1184 legisse,
1058 1090 1142 1183 quid
1165 1091 1310 1167 nudius·

243 1193 398 1273 tertiana
424 1189 482 1267 dre
509 1191 572 1269 vel
593 1186 798 1282 promissum
815 1186 925 1265 fuerit
943 1190 1002 1267 uel
1023 1191 1310 1281 pronuntiatum.

242 1290 303 1370 Ex
340 1310 409 1381 qua
441 1308 483 1368 re
515 1292 625 1384 magis
661 1284 845 1383 agnosco,
884 1285 959 1361 aua
994 1290 1127 1379 adbuc
1149 1290 1313 1383 expostus

245 1410 324 1472 nou
347 1385 458 1466 fuisse.
524 1386 661 1484 Quodsi
689 1385 850 1480 expostus
872 1384 1005 1461 sunt&
1030 1401 1179 1478 parata,
1215 1389 1312 1467 idem

245 1484 502 1582 exceptorres
520 1489 667 1562 ondeat
703 1484 984 1583 Profetetgestn.
1021 1485 1229 1576 subscribe,
1234 1484 1312 1561 tra·
1368 1510 1379 1531 ι

246 1587 404 1677 sturnus,
422 1511 553 1680 polles
564 1585 832 1680 respondemus
876 1586 925 1663 Et
941 1588 1131 1739 ulianense
1169 1586 1312 1665 Petilia·

243 1709 312 1767 uus
330 1685 530 1781 Episcopus
550 1687 766 1782 recognovi.

323 1811 379 1899 36.
404 1807 617 1882 Marcellinus
634 1811 691 1876 uir
706 1799 892 1895 cluriffinsus
913 1796 1077 1877 Tribunus
1090 1732 1131 1881 ss
1147 1809 1273 1881 Nectar
1260 1832 1312 1879 rur

229 1906 348 1981 dixit:
381 1904 544 1978 Studium
560 1905 741 1978 dilationis
757 1903 945 2000 agnoscos
939 1903 1159 1978 &mutatu
1180 1909 1314 1983 volun·

244 2007 331 2089 tntis
360 2005 542 2080 indicium.
598 2003 772 2077 Potuerat
800 2005 896 2079 enim
922 2000 1082 2080 sanctitas
1114 2003 1232 2080 vestre
1265 2027 1313 2082 ex

244 2104 488 2202 magnitudine
508 2101 714 2200 gestorum,
748 2116 790 2176 ut
813 2102 923 2176 hodie
944 2106 1131 2199 negotium
1151 2103 1314 2181 dili'erre·

245 2217 329 2294 tur,
349 2201 520 2298 superiori
534 2205 671 2297 Judrcro
686 2201 877 2296 postulare
930 2202 1012 2277 Huc
1029 2204 1190 2289 additur
1211 2205 1312 2294 quod
1359 2232 1361 2238 ’

247 2325 312 2391 ea
339 2324 414 2394 quae
431 2305 539 2377 vobis
558 2302 600 2376 ud
617 2302 843 2398 plenissimam
863 2299 1129 2376 instrusiionem
1153 2301 1313 2383 sufficere

245 2401 664 2580 1gredidistisffesteruo
683 2403 740 2483 die
764 2401 822 2481 edi
843 2402 951 2478 vobis
978 2402 1060 2479 date
1085 2405 1228 2479 noteris
1247 2422 1314 2498 po

278 2505 394 2581 ulutis.
437 2531 439 2535 ·

327 2645 384 2716 37.
414 2605 594 2693 Perillanus
608 2617 776 2713 Episcopus
797 2617 902 2687 dixis:
928 2614 1064 2690 Dicent
1079 2631 1313 2714 exceptores,

246 2735 369 2794 utrum
398 2737 583 2808 exponere
605 2738 677 2788 una
703 2717 760 2789 die
786 2716 997 2808 potuerint,
1031 2717 1131 2806 quod
1159 2739 1228 2791 una
1256 2721 1315 2797 die

249 2815 482 2894 videturesse
498 2814 713 2893 confestum.
750 2817 799 2888 Et
814 2816 881 2886 alia
897 2839 1007 2890 ιιιιιιιιι.
1031 2813 1088 2888 Ut
1102 2815 1216 2909 supra.

325 2945 382 3028 38.
413 2934 630 3008 Marcellinus
645 2939 703 3007 vr'r
717 2931 903 3024 clnrrffimus
919 2930 1084 3010 Trilunus
1096 2934 1137 3014 tls
1151 2941 1315 3010 Notarius

251 3039 353 3110 disits
381 3031 627 3127 sumptores,
651 3048 770 3108 utrum
785 3033 955 3108 hesterno
969 3037 1031 3111 dle
1044 3036 1166 3110 omnin
1184 3049 1314 3128 potue·

248 3137 383 3209 sintin
411 3135 547 3208 schedis
574 3132 670 3230 geste
695 3132 866 3226 describi,
898 3135 991 3228 apud
1017 3135 1092 3210 asts
1118 3136 1314 3231 designent.

252 3235 427 3308 Martialis
449 3251 590 3330 exceptor
610 3235 715 3307 dixit:
750 3233 883 3307 Adhuc
905 3251 1043 3328 partem
1067 3237 1105 3309 in
1126 3237 1314 3309 codicibus

250 3336 432 3408 habemus.
482 3334 662 3425 Siquidem
676 3337 782 3408 mium
798 3335 823 3405 ii
841 3332 1030 3433 Episcopi,
1055 3335 1115 3431 qui
1130 3336 1237 3409 nobis
1254 3354 1317 3408 cu·

250 3433 372 3514 stodes
393 3433 466 3508 dati
483 3433 584 3527 sunt,
611 3454 686 3508 non
706 3433 880 3511 nesciunt

331 3576 387 3655 39.
419 3554 679 3626 PetilrunusEr
643 3552 781 3653 piscopus
800 3555 910 3629 lixis:
940 3549 1097 3646 Accepit
1121 3549 1321 3629 sublimitas

252 3669 315 3728 tun
333 3675 377 3727 ex
390 3651 622 3746 responsione
639 3651 769 3744 offleii,
790 3651 865 3727 asir
881 3651 996 3727 adhuc
1012 3649 1143 3747 digesta
1157 3670 1233 3726 non
1247 3650 1317 3730 effe
1375 3661 1378 3667 ’

252 3755 292 3828 in
315 3756 480 3923 paginas,
515 3750 673 3830 necesse
695 3752 792 3847 quod
813 3740 907 3845 pars'
917 3765 1069 3846 utreque
1091 3753 1187 3848 leget
1207 3763 1317 3844 etque

251 3873 362 3928 recen
379 3865 460 3942 ent,
493 3872 562 3930 nec
580 3851 653 3928 deri
674 3865 736 3928 aut
752 3851 920 3931 revocari
939 3849 1121 3929 memorie
1133 3853 1317 3948 paululum
1339 3904 1343 3913 ,

252 3952 370 4054 polin.
421 3950 577 4025 Proinde
593 3949 785 4024 sublimitas
802 3961 885 4039 tus,
912 3949 1079 4044 quonium
1095 3958 1151 4029 r'es
1167 3948 1318 4030 honesta

253 4051 464 4227 populatur,
481 4052 599 4155 largiri
617 4050 915 4231 dignetuquuod
926 4050 1096 4149 petimus,
1108 4064 1150 4126 ut
1162 4049 1257 4146 gestu
1270 4066 1319 4130 ex

818 4168 886 4258 gs
1031 4220 1038 4233 ,
1174 4166 1291 4228 usse

601 4432 719 4472 .-
864 4468 870 4471 .
