3200 4784
339 404 887 524 immmundiora
910 382 1171 532 Hrrionrn.
1241 450 1312 531 355
1368 546 1375 557 ἡ

246 596 404 678 fideliter
418 586 445 691 ς’
464 595 630 693 ordinata
650 597 860 693 diiigenter,
893 610 1003 670 tenor
1022 592 1126 689 nujus
1149 596 1314 691 proposi·

248 705 360 795 tionis
383 699 625 789 amplectitur,
657 696 770 795 modo
791 697 955 787 quolibet
976 694 1170 770 observare
1188 695 1314 771 noluo·

246 804 318 891 rit,
338 816 414 871 non
431 796 544 870 solun
561 798 644 888 quid
661 798 705 870 de
720 797 822 868 causa
836 790 985 890 sentiat,
1012 790 1230 886 confitetur,
1251 818 1314 873 ve-

245 901 474 989 tumetium,
499 897 583 987 quid
596 899 782 982 moliatur,
800 892 968 971 ostendit.
1019 889 1314 973 Sufficitinterim

209 1004 217 1038 '·
248 1000 433 1095 cognitori
452 997 531 1069 talis
547 997 806 1090 praerogativa,
828 990 970 1087 justitiae
987 991 1091 1086 hujus
1110 996 1315 1074 commoni,

247 1099 362 1186 tionis
384 1098 479 1169 circa
496 1092 685 1168 universos
703 1090 907 1187 Episcopos
923 1092 1044 1167 fecisse
1062 1095 1234 1187 pop'ttium
1251 1096 1315 1170 sibi

247 1198 363 1293 piebis
383 1192 667 1291 carthaginensis
686 1193 835 1286 testem,
863 1212 972 1287 quern
988 1212 1077 1267 ntor
1103 1189 1154 1266 est
1174 1194 1316 1276 habitu·

248 1315 311 1370 rus
330 1296 499 1387 jndicem.
550 1289 735 1387 Superest,
763 1305 911 1366 utante
936 1289 1212 1368 Conciiiidiern
1235 1292 1314 1386 uniff

248 1394 392 1469 versum
416 1394 563 1487 hujusce
585 1393 822 1479 ordinationis
847 1404 1011 1466 tenorem
1031 1392 1219 1485 utriusque
1238 1412 1315 1487 par·

248 1500 296 1570 tis
313 1490 502 1587 Episcopi,
530 1508 710 1584 amputata
732 1493 875 1582 penitus
896 1506 1018 1583 mora,
1042 1486 1146 1565 iniiiss
1164 1491 1208 1565 sd
1222 1493 1316 1568 dics·

248 1597 388 1668 tionem
408 1611 523 1666 meam
540 1594 668 1665 litteris
686 1585 776 1684 suis,
800 1590 1012 1685 impleturos
1028 1584 1151 1668 seeiic
1166 1586 1335 1684 pronit-'

248 1707 352 1787 tant,
379 1694 452 1765 hoc
467 1694 646 1783 praecipue
662 1701 863 1769 maturato.
888 1704 930 1760 ut
946 1689 1099 1781 cadem,
1125 1692 1254 1782 quibus
1271 1690 1316 1766 ad

251 1795 374 1866 omnia
389 1789 539 1882 hujusce
552 1789 655 1863 edidii
669 1788 703 1861 se
717 1783 929 1862 consensisse
943 1780 1224 1879 profitebuntur,
1242 1782 1327 1884 epi·'

202 1938 205 1947 ι
250 1892 352 1966 stoiae
376 1891 580 1983 primatium
606 1888 858 1962 tantummodo
886 1885 1147 1981 Episcoporunr
1172 1888 1317 1964 subscri·

248 1993 380 2087 ptione
399 1988 589 2084 signentur.
638 1984 776 2060 Sufficit
795 1991 888 2060 enirn
911 1986 978 2059 iilis
995 1983 1152 2084 epistolis
1170 1988 1317 2063 univer·

231 2091 357 2165 :salem
382 2083 444 2184 (ut
468 2091 517 2162 ita
542 2086 713 2188 dixerim)
735 2083 1028 2179 subscriptionem
1051 2084 1317 2183 Episcoporum

216 2209 224 2215 ·
250 2190 414 2264 omniurn
439 2184 648 2282 cohaerere,¹
668 2186 795 2279 quibus
816 2202 933 2261 toturn
952 2182 1201 2282 disputationis
1220 2187 1318 2261 ordi·

249 2308 335 2377 nem
360 2284 625 2364 conferentium
658 2284 888 2381 septenorum
918 2300 1036 2363 ratum
1065 2284 1317 2361 ste-habituros

250 2385 323 2463 eise
339 2381 576 2482 promiserint

288 2544 293 2549 .
333 2504 387 2559 11.
416 2489 628 2558 Marcedinur
644 2488 703 2557 uir
717 2477 908 2576 tloriffinrus
920 2480 1086 2554 Tribunus
1101 2479 1141 2560 Θ*
1155 2484 1318 2557 Notarius

250 2585 354 2659 dixit:
381 2582 465 2659 Hos
483 2605 628 2677 quoque
645 2581 797 2656 editiutn
814 2577 977 2675 suscipiet
991 2602 1125 2675 corpus
1142 2583 1316 2659 adiutum.

251 2684 315 2762 Ne
334 2682 419 2777 quid
437 2697 555 2756 antem
573 2677 656 2755 fidei
675 2682 865 2773 plenorum
888 2680 1053 2754 videatur
1069 2680 1187 2757 deesse
1202 2680 1318 2777 gesto·

250 2803 355 2871 rum,
387 2777 570 2871 universa,
605 2800 683 2872 quoe
707 2799 726 2852 a
753 2780 911 2872 pertibus
931 2780 1051 2854 medio
1069 2796 1235 2877 ternpore
1257 2781 1320 2858 vei

219 2880 382 2999 scripta
412 2877 494 2958 sunt
525 2878 587 2953 vel
618 2879 781 2954 intimata
813 2876 984 2976 iudiciis,
1018 2894 1207 2976 percurrat
1238 2877 1316 2959 offi-

335 3099 390 3154 12.
420 3076 599 3153 Pessinous
624 3075 786 3177 Episcopus
808 3075 920 3151 dixit:
956 3072 1064 3175 Egisti
1089 3092 1210 3173 partes
1237 3088 1318 3156 tuas

252 3179 312 3253 vir
325 3178 476 3272 nobilis,
502 3174 543 3252 tit
557 3182 763 3272 &partibus
779 3176 959 3272 taiustnrn
973 3176 1132 3256 sotorum
1147 3174 1318 3275 essapro-
1368 3210 1371 3215 >

251 3276 413 3370 miseris,
449 3277 652 3353 &tutibus
677 3278 830 3372 publicis
854 3278 1074 3374 popularem.
1133 3278 1203 3353 Sed
1235 3284 1318 3370 quia
1355 3366 1359 3373 ¹

251 3376 472 3456 haecomnia
493 3394 576 3453 ante
595 3375 730 3451 causam
752 3373 853 3471 sunt,
879 3395 956 3452 non
978 3378 1024 3453 de
1046 3373 1167 3466 causa,
1192 3377 1227 3450 id
1248 3377 1319 3470 pri·

252 3496 350 3559 mun
375 3492 471 3551 tuan
495 3484 647 3569 petimus
664 3476 898 3571 potestatem,
922 3493 963 3549 ut
980 3476 1031 3558 is,
1057 3475 1117 3569 qui
1134 3496 1193 3551 ane
1208 3476 1318 3551 acciri

254 3576 398 3659 edistis,
425 3576 562 3670 quinne
586 3578 631 3650 de
651 3580 739 3650 meis
764 3573 902 3651 sedibus
921 3576 1092 3669 evocari,
1119 3576 1178 3666 qtri
1200 3595 1256 3650 rne
1271 3576 1320 3650 it·
1380 3588 1387 3599 “

252 3675 382 3752 boren
398 3676 536 3750 itineris
553 3678 625 3768 pati
643 3673 881 3770 inquietavit,
906 3681 1021 3769 petita
1035 3688 1077 3748 ut
1095 3672 1216 3747 voluit
1234 3694 1319 3768 pro·

253 3791 392 3872 ponat,
424 3793 621 3851 ottrmeam
645 3772 848 3850 desiderarit
870 3772 986 3849 adesse
1009 3770 1251 3868 prasertim,
1276 3788 1320 3850 ut

232 3877 446 3972 ¹noverim,
478 3890 597 3950 utrum
622 3872 683 3947 vel
708 3872 792 3964 quid
818 3874 967 3947 debeam
988 3872 1218 3969 respondere.
1269 3874 1321 3973 Er

210 4030 212 4034 -
232 4024 234 4031 -
253 3978 323 4050 ain
338 3997 447 4055 manu.
496 3974 691 4056 Petilianis
708 3966 906 4070 Episcopus
925 3967 1150 4077 recognovit

756 4168 841 4257 ΖΑ
1116 4122 1314 4287 sigum·
