3200 4784
542 356 552 385 .

194 392 349 529 'tati
479 396 1101 517 „m'ouunanaavsacaa’
1206 436 1210 447 ¹

278 600 365 658 num
388 573 616 672 praesentibus
636 576 764 673 signis,
792 575 1031 651 &turbarum
1058 578 1214 652 vocibus
1237 589 1356 679 cogei

279 695 392 755 retur.
441 675 512 769 Sed
527 677 729 764 Macarius,
764 676 824 767 qui
852 697 898 749 ex
920 678 974 749 his
999 678 1134 765 duabus
1156 677 1277 752 bestiis
1297 697 1354 754 te·

279 776 384 854 trior'
401 775 495 870 fuit,
531 778 611 851 eum
637 776 922 870 hocnegotium
942 776 1117 871 sanguinis
1140 780 1352 871 inreliqu'is

280 877 483 975 provinciis
506 896 573 971 per.
590 874 818 948 subtilitatem
835 875 895 947 diu
911 875 1139 968 attentaiier,
1166 880 1202 950 in
1220 877 1354 953 Numi-

280 981 338 1053 dia
362 991 505 1068 tamen,
535 974 570 1046 dt
592 981 675 1070 erga
696 974 896 1048 Marculum
917 975 1110 1070 gloriosum
1130 991 1251 1070 aperta
1268 999 1351 1051 cru·

236 1110 238 1117 ¹
280 1078 438 1157 deliratis
459 1076 599 1149 babarae
621 1074 655 1148 dt
677 1074 844 1146 inaudltae
867 1073 1017 1146 feritatis
1040 1076 1170 1148 indicia
1186 1079 1351 1169 publica.

278 1181 348 1252 vit.
366 1250 368 1255 .
383 1175 478 1250 Nam
490 1173 625 1247 eumad
637 1194 717 1247 eum
729 1173 1043 1263 antiquiffimorum
1055 1175 1197 1269 Patrum
1210 1174 1350 1250 sanetis·

279 1278 385 1353 srmus
399 1276 548 1366 chorus,
570 1274 811 1346 &adunatum
825 1272 1027 1346 Concilium
1038 1273 1274 1347 Sacerdotum
1287 1279 1349 1350 de-

193 1406 199 1431 r
282 1398 361 1450 cem
372 1394 552 1449 enumero
568 1372 631 1444 suo
642 1372 1027 1466 probatosEpiscopos
1041 1376 1229 1469 legationis
1244 1376 1349 1451 causa

278 1473 441 1564 misrilet,
468 1474 528 1563 qui
549 1493 630 1546 eum
653 1473 859 1544 salutaribus
879 1473 1025 1545 monitis
1042 1488 1104 1545 aut
1120 1472 1258 1546 atanto
1274 1475 1349 1548 sce-

278 1577 354 1650 lere
373 1588 615 1664 revocarent,
643 1587 704 1642 aut
725 1585 826 1642 certe
847 1568 968 1666 (quod
992 1573 1182 1668 contigit)
1202 1578 1347 1665 priores

278 1675 341 1768 iplr
360 1674 403 1744 ad
420 1671 633 1745 devotiffi'mi
650 1672 852 1743 certaminis
867 1692 1029 1764 campum
1042 1675 1074 1743 dt
1086 1673 1128 1743 ad
1139 1670 1221 1745 fidei
1233 1678 1347 1751 aciem

278 1773 504 1871 profilirent3
538 1770 587 1844 fic
602 1772 773 1843 diuinitus
790 1773 991 1869 gubernata
1002 1769 1052 1843 est
1065 1773 1242 1846 nobilium
1259 1794 1346 1849 cura

277 1870 481 1967 pastorum,
503 1872 569 1962 ut,
596 1892 817 1960 quaecunque
836 1883 913 1944 erat
934 1872 994 1942 illa
1016 1872 1230 1969 crudelitas,
1263 1894 1347 1962 quae

279 1973 415 2045 ovibus
434 1970 684 2065 impendebat,
710 1985 794 2042 ante
806 1968 964 2062 ipsorum
981 1972 1138 2044 membra
1151 1973 1314 2044 laniaret.

354 2071 453 2141 Inter
481 2071 549 2142 hos
576 2070 685 2164 igitur
712 2069 745 2140 &
769 2066 988 2142 sandiiffimus
1013 2070 1197 2142 Marculus
1222 2076 1345 2146 venit:

280 2172 340 2262 qui
353 2189 523 2242 cumeum
537 2169 573 2239 in
587 2167 1190 2261 quadampolseffionereperilsent,
1203 2172 1347 2245 cuiVe-

230 2330 233 2343 .
270 2266 403 2367 'geselae
420 2289 555 2342 nomeu
571 2266 641 2353 est,
661 2267 775 2339 statim
789 2267 858 2339 hac
875 2270 972 2359 ejus,
998 2270 1056 2358 qui
1075 2267 1251 2363 sacrilegae
1264 2274 1346 2344 uni·

277 2371 344 2442 tati
362 2378 531 2462 praeerat,
556 2367 776 2440 humanitate
793 2365 943 2458 suscepti
960 2365 1059 2457 sunt,
1086 2383 1127 2438 ut
1148 2369 1189 2439 ad
1207 2371 1347 2443 colum·

278 2491 343 2544 nas
368 2469 515 2563 singulas
543 2467 681 2558 vindti,
714 2466 856 2538 nudatis
881 2469 1024 2558 publice
1050 2466 1344 2542 sacerdotalibus

277 2573 468 2653 membris,
503 2569 648 2653 acerbis
667 2566 809 2639 fustium
833 2567 958 2639 itlibus
984 2568 1216 2639 cederentur.
1272 2570 1346 2642 Hic

274 2670 346 2761 jam
369 2666 602 2741 constantiam
625 2665 779 2737 Marculi
801 2665 947 2762 gloriosi
967 2669 1043 2758 quis
1069 2687 1233 2739 enarrare
1253 2667 1345 2741 suffi.

278 2769 373 2841 ciat?
413 2769 504 2868 Quis
529 2769 744 2857 eloquentiae
767 2768 903 2838 viribus
931 2767 1108 2859 explicare
1132 2770 1342 2860 prevaleat,

277 2884 339 2938 aut
355 2868 552 2939 inauditam
570 2867 808 2958 persecutoris
825 2865 1014 2956 insaniam,
1040 2881 1101 2936 aut
1117 2864 1245 2938 Christi
1267 2868 1345 2939 Do·
1372 2886 1375 2893 ·

276 2969 363 3041 mini
386 2969 479 3036 circa
496 2965 695 3056 Martyrem
715 2964 813 3038 suum
832 2966 1039 3057 presentem
1060 2965 1341 3056 stupendamque

275 3064 451 3138 tutelam?
476 3063 562 3135 Inde
580 3069 674 3137 enim
692 3081 821 3150 contra
836 3086 917 3136 eum
935 3065 1064 3138 acriori
1081 3062 1212 3136 saevitia
1229 3068 1342 3139 immi·

275 3167 321 3236 tis
341 3165 462 3236 feritas
480 3165 662 3234 concitata
683 3163 752 3241 est,
777 3165 876 3254 quod
892 3163 925 3234 dt
941 3165 1122 3234 diabolum
1143 3163 1252 3235 futuri
1266 3168 1341 3256 jam

273 3262 449 3356 Martyris
469 3263 602 3333 invidia
614 3261 823 3347 stimularet,
842 3261 1054 3353 &Spiritum
1070 3258 1234 3336 Sanflum
1252 3288 1339 3355 prae-

226 3370 241 3419 -’
273 3363 428 3436 cursoris
441 3361 649 3435 Antichririi
661 3365 903 3452 nequitianon
916 3363 1056 3436 lateret.
1084 3365 1157 3461 Qui
1171 3384 1250 3435 eum
1264 3366 1338 3434 ani-

271 3459 1336 3549 mumdivinacunssantiaroboratumsustinerenonpolier‚

228 3638 231 3647 ,
269 3559 452 3659 fragilitati
466 3565 635 3652 corporis
648 3574 828 3631 certamen
843 3561 980 3632 doloris
997 3563 1136 3632 indixit.
1176 3557 1336 3630 Circum-

269 3661 356 3734 dant
372 3665 479 3767 igitur
497 3659 623 3733 Christi
643 3659 865 3732 fortiffimum
884 3662 1095 3733 bellatorem
1113 3668 1267 3728 cruentae
1285 3659 1334 3729 la·

193 3788 196 3795 ’
266 3772 413 3834 tronum
432 3768 578 3848 manus,
605 3759 814 3834 &barbara
836 3762 986 3833 miiitum
1010 3757 1129 3847 claffes
1159 3757 1195 3824 in
1223 3762 1337 3829 carni-

264 3852 352 3929 fices
376 3877 524 3949 repente
550 3873 705 3932 mutatae.
763 3857 927 3949 Cumque
952 3882 1032 3932 eum
1058 3857 1100 3928 ad
1124 3857 1333 3932 columnam

247 3957 362 4041 :duris
392 3962 543 4032 nexibus
568 3973 786 4031 conarentur
812 3958 1052 4052 adstringere3
1093 3970 1236 4046 promte
1268 3960 1331 4029 ille

261 4060 443 4133 continuo
462 4057 689 4135 occationem
701 4056 1079 4135 'tantamostentaudae
1093 4054 1162 4130 Dei
1182 4061 1330 4227 νῑζῑμιὶε

1191 4178 1216 4228 a
1235 4176 1282 4226 n-
