3200 4784
401 398 1179 527 ooDourrtsuanuu‘uiirsnonrs.
1253 432 1325 516 49³

262 573 407 671 ambigo
429 570 682 648 universorum
695 570 972 665 subscriptiones
991 570 1176 670 superiore
1186 578 1327 670 iudicio

260 676 432 760 mandato
457 669 602 746 insertas
633 687 740 765 atque
766 671 925 768 digestis.
984 672 1122 767 Unde,
1156 682 1327 767 quoniam

262 777 425 848 omnium
443 771 632 844 consensus
650 770 831 864 expressus
847 769 910 853 est,
925 774 1057 847 amotis
1068 772 1251 868 superfluis
1265 781 1325 852 ali·

260 873 408 967 quando
424 873 609 966 negotium
629 887 868 964 proponatur.

338 995 396 1064 43.
425 973 589 1042 Emeritos
601 972 767 1067 Episcopus
780 971 886 1040 dixit:
908 969 995 1044 Duo
1012 968 1091 1045 sunt
1105 975 1140 1044 in
1151 974 1326 1065 judicium

260 1068 379 1162 missa,
408 1073 578 1160 aquibus
604 1070 739 1142 deviari
763 1071 865 1142 nullo
891 1072 1002 1144 modo
1029 1072 1166 1164 potest:
1202 1095 1325 1167 unum,

262 1171 364 1262 quod
386 1169 578 1245 secundum
598 1169 781 1262 imperiale
800 1184 1042 1263 preceptum,
1076 1172 1191 1262 aliud,
1226 1176 1326 1263 quod

261 1270 456 1344 secundum
479 1269 634 1342 mandati
655 1281 820 1342 tenorem
842 1270 946 1364 agere
965 1268 999 1342 se
1017 1269 1156 1361 judicio
1176 1272 1326 1347 demon·

260 1371 426 1444 strarunt.
477 1366 587 1463 Igitur
603 1367 627 1440 fi
642 1382 794 1459 utraque
809 1386 979 1459 connexa
992 1367 1089 1460 sunt,
1114 1373 1223 1443 debet
1239 1375 1326 1446 edo·

263 1471 356 1541 ceri:
382 1467 408 1542 st
424 1480 546 1540 autern
560 1464 716 1558 separata
732 1482 839 1559 atque
855 1465 1006 1560 sejunsia
1022 1466 1121 1561 sunt,
1142 1472 1247 1544 unius
1265 1482 1327 1545 ne'·

264 1567 356 1641 cesse
379 1565 583 1649 estsaciant
597 1565 790 1659 inituram,
827 1568 887 1657 qui
911 1580 1102 1658 utrumque
1126 1572 1257 1645 nolunt
1282 1573 1326 1653 ad

262 1667 517 1762 probationem
541 1667 578 1737 in
597 1665 769 1756 judicium
789 1667 945 1740 mittere.
997 1665 1209 1741 Convenire
1230 1674 1326 1749 enim

264 1766 376 1837 debet
401 1784 480 1838 cum
499 1763 671 1856 rescripto
692 1767 921 1855 mandatum,
947 1763 980 1836 dr
997 1766 1040 1838 ad
1056 1765 1245 1841 formulam
1261 1768 1327 1842 sta·
1397 1817 1401 1831 ·

263 1865 333 1936 tuti
358 1864 551 1955 imperialis
577 1863 827 1936 mandatorum
860 1863 969 1936 debet
1000 1863 1116 1941 sensns
1150 1865 1325 1965 adstringi.

264 1963 378 2062 Quod
396 1961 421 2036 sr
437 1979 602 2035 neutrum
620 1961 689 2034 eise
707 1962 917 2057 intelligitur
934 1962 1131 2056 praestantia
1153 1981 1238 2057 tua,
1264 1990 1342 2040 ne·.

264 2086 333 2154 que
355 2063 561 2136 moratoriis
585 2082 653 2134 nos
676 2063 770 2136 velie
792 2082 917 2158 agere,
945 2083 1064 2154 neque
1084 2085 1151 2138 nos
1173 2087 1192 2138 a
1217 2067 1327 2142 causae

262 2162 405 2234 actione
429 2156 665 2254 suspendere,
700 2159 759 2235 sed
788 2160 990 2235 constitutis
1016 2166 1177 2258 primitus
1202 2165 1327 2239 sunda·

263 2264 391 2337 mentis
410 2257 905 2357 Ecclesiastioumnegotium
927 2263 1023 2335 velle
1042 2262 1214 2355 definire,
1242 2265 1327 2356 quid

264 2361 328 2450 est,
348 2360 446 2452 quod
462 2361 568 2432 nobis
586 2361 747 2434 demota
765 2360 1014 2452 praescribitur,
1035 2361 1068 2431 se
1086 2377 1251 2452 tanquam
1271 2386 1327 2437 ca·

264 2461 492 2532 villatoribus
517 2460 550 2530 u
574 2482 593 2530 a
614 2460 827 2553 cognitione
846 2459 1108 2551 refugientibus
1136 2461 1227 2549 quasi
1251 2483 1328 2535 mo·

219 2602 221 2605 ·
261 2581 318 2632 ras
335 2556 504 2649 'quasdam
522 2577 586 2648 per
606 2577 675 2628 nos
699 2555 830 2628 innetti
844 2555 1060 2643 -causantur3
1088 2577 1168 2630 cum
1187 2562 1327 2655 utique,

262 2659 521 2743 studuerunt,
554 2656 663 2747 magis
687 2655 765 2744 his,
793 2655 851 2741 qui
872 2669 1087 2746 proponunt
1105 2657 1326 2753 incumbere,

264 2772 325 2829 aut
349 2753 578 2828 necessarium
602 2751 671 2823 effe
689 2753 861 2842 dicimus,
887 2767 928 2824 ut
948 2755 1113 2828 orno-ibus
1130 2762 1240 2830 moris
1257 2782 1328 2836 am·

262 2855 396 2951 putatis
415 2852 458 2923 ad
474 2851 611 2945 negotii
628 2848 857 2924 instrumenta
873 2874 1060 2944 arcemque
1074 2860 1258 2947 veniatur,
1285 2868 1327 2932 ut

264 2951 471 3026 ostendatur
487 2972 532 3023 ex
551 2949 696 3022 adversa
713 2965 835 3042 parte,
871 2953 1130 3048 quispetierit,
1162 2960 1328 3046 quemad·

264 3053 410 3127 modum
426 3051 591 3142 petierit,
612 3053 676 3122 vel
693 3051 776 3143 quid
792 3053 957 3149 petierit,
985 3060 1047 3144 itt,
1074 3076 1155 3129 cum
1170 3056 1214 3129 de
1231 3079 1328 3132 man·

265 3155 351 3225 dato
375 3153 435 3222 vel
458 3151 503 3223 de
524 3148 697 3242 rescripto
719 3165 870 3241 utraque
888 3152 1147 3227 concordantia
1166 3161 1329 3251 comple·

263 3273 331 3324 xus
351 3249 479 3344 suero,
505 3248 538 3321 dr
558 3268 729 3340 ea,-quae
747 3251 782 3321 in
806 3249 980 3343 rescripto
1002 3249 1081 3325 sunt
1098 3253 1326 3348 confirmata,

263 3352 297 3422 dr
318 3371 385 3440 ea,
412 3370 489 3439 quae
509 3370 554 3420 ex
573 3347 729 3442 ipsorum
748 3351 927 3440 petitione
948 3349 1101 3446 suggesta
1124 3352 1221 3444 sunt,
1250 3356 1328 3446 poi·

262 3450 331 3521 srnt
343 3449 487 3538 judiciis
501 3449 701 3539 approbari.
749 3449 801 3522 Et
819 3452 887 3520 alin
902 3475 1008 3520 manu.
1051 3451 1231 3525 Emeritus
1244 3454 1329 3548 Epi·

262 3548 392 3640 scopus
410 3550 623 3642 recognovi.

336 3669 397 3736 44.
411 3649 603 3743 Augustinus
615 3647 778 3739 Episcopus
787 3643 926 3741 Ecclefiae
937 3645 1106 3720 Catholicae
1115 3648 1217 3721 dixit:
1236 3647 1328 3724 Tuae

260 3746 342 3818 sunt
360 3760 503 3838 partes,
536 3745 592 3815 vir
617 3746 761 3832 nobilis.
813 3745 849 3816 Si
873 3745 1058 3837 respoudit
1082 3748 1125 3818 ad
1152 3771 1213 3827 ea,
1247 3770 1327 3840 quae

262 3846 436 3935 diximus,
464 3863 556 3940 opus
571 3841 641 3933 est,
663 3857 704 3914 ut
718 3844 1007 3936 respondeamus.
1062 3846 1095 3918 Si
1112 3861 1230 3921 autem
1248 3869 1329 3940 per·

260 3943 363 4014 videt
388 3944 587 4036 prestantia
612 3954 702 4034 tua,
735 3944 823 4016 nihil
850 3964 930 4016 eum
956 3941 1172 4035 respondisse
1199 3947 1324 4037 adid,

256 4043 361 4133 quod
378 4043 470 4136 juste
485 4043 707 4143 flagitamus,
732 4041 792 4117 sed
814 4044 927 4122 moris
940 4039 1124 4151 superfluis
1141 4046 1225 4122 alias
1246 4065 1326 4138 mo-

1229 4160 1297 4208 aas
