3200 4784
1258 430 1319 499 XV

240 584 395 670 airum
418 577 541 666 bonis
567 574 730 682 studiis,
760 575 1190 693 peregrinationibus,
1227 584 1323 696 auli·

249 703 308 786 cis
338 692 503 796 officiis,
538 697 716 809 negotiis
741 691 999 796 (mentibus,
1028 698 1162 782 multo
1189 695 1322 784 homi·

248 839 355 896 num
379 811 423 902 &
447 812 707 919 optimorum
723 806 932 894 librorum
950 809 1024 895 usu
1043 811 1259 897 iubastum
1276 813 1321 903 δι

201 975 208 984 .
251 922 482 1012 formatum
498 921 725 1033 prodiderit
740 950 752 1031 3
768 981 820 995 -
841 923 868 1006 fi
885 921 1030 1007 versari
1048 954 1144 1010 cum
1162 953 1214 1011 eo
1234 928 1322 1014 diu-

254 1043 358 1141 tius,
395 1042 482 1121 imo
508 1036 691 1121 habitare
714 1035 975 1147 libuerit3-
1012 1037 1061 1139 fi,
1090 1067 1209 1143 cum,
1248 1045 1322 1128 im·

247 1152 435 1266 prudens
451 1151 579 1250 velut,
597 1178 740 1236 meum
756 1179 913 1238 nomen
931 1153 1177 1265 protuleris,
1192 1180 1322 1244 atten-

247 1272 409 1352 tionem
423 1293 529 1350 eum
541 1265 652 1367 fieri,
681 1268 725 1354 δι
741 1264 843 1350 illud
859 1293 943 1351 non
961 1267 1134 1377 perinde
1150 1267 1321 1374 habere,

193 1439 217 1506 κ
246 1386 293 1485 ip
310 1380 396 1494 ipso
413 1380 537 1466 vultu
553 1379 703 1493 legeris
715 1410 786 1492 3-
813 1407 903 1464 tum
919 1386 1029 1465 enim
1046 1409 1169 1484 vero,
1187 1390 1322 1470 amice

193 1567 204 1596 ,
248 1503 430 1605 optime,
470 1492 564 1579 scies
589 1520 627 1578 te
644 1502 825 1580 amicum
847 1493 982 1599 hunc,
1014 1495 1133 1605 cujus
1155 1496 1227 1581 tibi
1251 1499 1322 1585 hic

193 1689 195 1698 .
247 1637 406 1708 nomen
428 1633 568 1701 taceo,
599 1635 740 1694 coram
756 1612 959 1693 revereri:
998 1635 1097 1695 tunc
1113 1611 1206 1695 scies
1223 1637 1261 1696 te
1277 1618 1322 1701 in

193 1717 215 1781 '·-
242 1724 318 1810 illo
350 1723 503 1834 praedio
529 1723 696 1826 versari,
726 1724 802 1808 ubi
828 1727 1012 1833 primum
1038 1729 1142 1837 coepi
1165 1725 1321 1814 ducere
1345 1823 1350 1832 p

245 1838 426 1923 iollicitae
449 1842 493 1923 in
516 1836 782 1926 academia&
804 1832 897 1921 foro
922 1864 1000 1949 per
1025 1867 1180 1925 annum
1204 1843 1320 1928 hune

244 1950 375 2054 aida,
403 1952 588 2061 jucunda
610 1952 765 2038 oblivia
787 1955 892 2039 vitae.

333 2088 412 2172 Via
429 2086 531 2172 inde·
544 2086 666 2198 plana
690 2084 732 2172 &
756 2087 874 2171 strata
895 2085 1074 2173 leucadis
1092 2092 1216 2173 unius
1235 2087 1317 2199 spe·

241 2203 304 2284 tio
321 2200 592 2288 Coronarum
616 2227 769 2313 usque.
828 2200 944 2287 Urbs
964 2204 1022 2287 est
1040 2203 1203 2287 castello
1227 2231 1318 2291 mu·

242 2318 348 2415 nita,
375 2314 748 2428 Ba'mbergenfibus
766 2339 907 2406 contra
922 2316 1169 2431 Thuringos
1187 2320 1230 2405 &
1252 2321 1319 2403 Sa·

213 2493 216 2498 -
239 2454 375 2514 xones
397 2453 728 2520 mummentum:
759 2456 952 2515 actvmm
974 2458 1015 2513 m
1040 2458 1208 2539 patriam
1227 2460 1316 2543 pte·

239 2566 325 2627 tate
351 2545 394 2628 dr
420 2545 733 2657 magistratuum
758 2541 885 2652 prisca
912 2542 1152 2631 audioritate
1168 2574 1213 2630 ac
1231 2551 1315 2658 pri-

237 2657 407 2770 vilegiis
426 2651 588 2743 habilis.

209 2851 213 2858 -
328 2790 557 2903 Reliquum
573 2789 624 2871 ab
642 2789 1237 2901 hormunicipioiterAumam
1251 2822 1318 2881 us·

231 2927 344 3016 que,
355 2906 428 2986 ubi
438 2902 580 2985 sensim
590 2902 707 2988 latior
717 2903 899 3012 planities
912 2911 1107 3017 aperitur,
1125 2935 1197 3019 per
1212 2908 1317 3022 aspe-

233 3045 288 3103 ra
303 3020 512 3099 montium
524 3009 746 3103 &nemora
759 3017 946 3122 anetum,
963 3019 1071 3105 seriis
1090 3022 1318 3122 meditatio·

220 3130 368 3240 ,pibus
393 3154 760 3241 peropportunum
786 3160 836 3217 eo
865 3133 1020 3234 serviit,
1061 3135 1188 3219 noitu
1216 3163 1316 3249 prae-

200 3244 392 3344 ···sertim‚
409 3268 456 3329 ut
473 3250 617 3329 tacitus
629 3267 795 3330 meeum
814 3251 905 3331 vita
923 3275 945 3330 a
963 3274 1118 3359 nupera
1134 3255 1318 3365 peregri·

235 3362 407 3446 natione
437 3357 550 3440 domi
581 3356 679 3442 aetae
709 3364 885 3445 rationes
916 3366 1159 3475 exigerem,
1204 3364 1316 3452 bona

236 3470 404 3560 consilia
422 3496 630 3579 caperem,
651 3472 692 3556 dr
711 3473 882 3559 meliora
897 3500 1195 3587 proponerem.

231 3645 236 3654 =
266 3595 271 3604 ’
327 3603 468 3692 Media
490 3606 574 3704 via,
606 3626 698 3715 quae
717 3610 897 3691 Aumam
918 3637 963 3695 ac
980 3609 1135 3696 Geram
1154 3611 1313 3721 interja·

236 3745 318 3816 cet,
337 3716 474 3818 rheda,
495 3741 577 3828 qua
594 3715 796 3823 retrabat,
816 3721 917 3834 quid
935 3722 1172 3809 detrimenti
1192 3723 1310 3837 passa,

237 3829 673 3922 donecreiarciretttm
711 3859 872 3920 moram
888 3836 1046 3944 injecit:
1081 3838 1231 3941 sedita,
1263 3864 1312 3924 ut

235 3943 1311 4064 stmullocupletandonovaaccessionesermonispa·
1406 3963 1408 3968 ’

271 4103 275 4108 -
424 4112 431 4118 -
1187 4089 1255 4151 tm
