3200 4784
515 417 518 422 ·
609 399 763 518 Lrnen
801 351 1018 478 reiturus.
1305 405 1351 498 ⁶3

273 557 411 641 riuum
423 559 496 638 eii'e
509 563 640 656 aliquid
653 583 729 638 non
744 549 927 655 nubatis,
955 581 1036 635 curn
1046 560 1085 636 id
1102 559 1200 654 quod
1217 561 1350 656 fidium

275 665 350 756 est,
383 667 419 737 u
443 665 545 738 Deuo
568 665 701 737 dixerit
722 664 769 736 iic
799 661 959 736 futurum
982 659 1074 750 effe,
1108 663 1242 756 &ejus
1267 663 1350 740 sunt

274 765 460 838 vindicata
485 781 682 856 precepta:
715 763 864 853 videte,
890 784 936 836 ne
955 782 1032 835 non
1056 760 1169 836 solum
1197 785 1350 840 vanum:

273 863 338 939 sed
355 867 462 938 etiem
477 862 755 956 superstitiosum
771 862 814 934 srt
829 861 901 934 sine
917 863 1016 934 bello
1032 875 1198 936 rnortuos
1214 867 1264 938 ibi
1280 885 1349 960 po·

274 981 390 1057 nere,
414 966 477 1036 ubi
494 962 597 1055 sunt,
624 965 684 1055 qui
700 966 737 1036 in
750 959 928 1035 Christum
947 959 1095 1038 confeffi
1109 981 1178 1054 pro
1191 963 1263 1038 Dei
1279 986 1347 1040 no-

275 1064 376 1139 mine
399 1064 494 1138 mori
512 1075 732 1156 potuerunt:
765 1075 829 1133 out
847 1060 873 1133 fi
893 1079 958 1135 eos
978 1077 1154 1153 martyres
1176 1061 1245 1136 effe
1265 1068 1346 1140 vul-

273 1165 346 1255 tis,
377 1165 533 1256 probate
555 1163 640 1240 illos
662 1158 788 1235 amnffe
811 1180 959 1252 pacem,
990 1161 1027 1234 in
1046 1183 1114 1255 qua
1134 1163 1246 1253 prima
1264 1163 1344 1238 sunt

273 1261 510 1336 fundamenta
523 1263 702 1352 martyrii:
728 1275 791 1332 aut
807 1257 965 1332 dilexiffe
982 1259 1067 1334 Deo
1086 1261 1253 1354 placitum
1268 1265 1347 1336 uni-

273 1375 409 1454 tatem,
437 1376 500 1436 aut
514 1359 670 1435 habuiffe
687 1378 769 1432 curn
785 1357 955 1430 fratribus
978 1361 1199 1436 charitatem.
1248 1360 1347 1438 Nan

275 1483 405 1535 omnes
431 1460 652 1535 Christianos
676 1458 807 1531 fratres
838 1455 970 1530 effe&
1001 1459 1039 1531 in
1070 1461 1189 1552 primo
1217 1460 1344 1534 libello

271 1563 531 1656 probavimus,
557 1560 591 1632 dr
611 1561 648 1631 in
665 1571 795 1650 quarto
809 1559 938 1654 procul
957 1557 1068 1632 dubio
1086 1561 1275 1653 probaturi
1290 1559 1346 1634 su·

270 1659 1345 1852 nti„titttittitsissifi‘itttdttttti‘ttniiz

270 1869 364 1931 tern.
419 1857 501 1929 Nec
521 1860 661 1929 dicetur
680 1857 725 1928 ed
745 1853 1037 1949 excusationem,
1068 1861 1150 1950 quia
1169 1859 1342 1936 Tradito·

271 1958 374 2028 ribus
404 1958 672 2029 communicare
701 1957 928 2028 noluerunt:
965 1977 1046 2030 curn
1071 1958 1342 2038 menifestiffime

269 2058 471 2149 probatum
497 2055 540 2128 fit
563 2056 712 2128 eosdem
738 2053 834 2146 ipsos
861 2051 958 2130 friios
984 2055 1086 2132 fuiffe
1114 2061 1342 2142 traditorum.

270 2153 383 2227 Nulla
403 2155 512 2249 igitur
531 2153 583 2227 est
597 2153 801 2246 excusatio,
829 2155 911 2246 quia
931 2157 1142 2236 charitatem
1158 2161 1241 2236 illos
1260 2183 1341 2237 non

268 2251 429 2327 hebuiffe
448 2251 717 2328 manifestiffinre
740 2253 904 2348 constat,
936 2255 1010 2329 srne
1032 2278 1102 2348 qua
1120 2263 1257 2335 nullum
1277 2263 1341 2336 vol

268 2354 449 2428 nominari
460 2352 595 2446 potest,
611 2356 673 2426 vel
685 2351 757 2426 eise
768 2353 997 2446 m'ertyrium:
1015 2356 1088 2430 nne
1104 2380 1173 2449 qua
1185 2362 1341 2436 inaximo

269 2453 307 2526 dt
326 2452 514 2545 imperiose
531 2455 649 2526 virtus
666 2466 767 2527 curet
787 2452 937 2527 effedtu:
962 2455 1034 2530 fine
1049 2477 1119 2547 qua
1133 2458 1222 2530 nihil
1238 2461 1340 2534 valet

268 2555 433 2627 omnium
463 2553 611 2626 scientie
641 2553 869 2649 linguarum:
903 2553 978 2626 srne
1008 2576 1077 2643 qua
1105 2555 1192 2628 nihil
1218 2559 1340 2648 potest

267 2653 379 2734 etiarn
400 2650 554 2725 societas
573 2650 823 2748 Angelorum,
850 2650 1034 2744 Apostolo
1047 2651 1160 2725 Pnulo
1174 2655 1339 2733 dicente:

268 2753 313 2822 Si
326 2751 456 2822 habeam
470 2757 509 2821 in
525 2776 572 2821 me
583 2755 759 2847 potestatem
777 2755 956 2844 imperandi
970 2755 1152 2844 montibus,
1178 2772 1216 2826 ut
1229 2774 1340 2828 trans·

261 2849 385 2946 seron!
395 2854 431 2940 se
443 2854 480 2921 de
494 2853 567 2920 locis
584 2857 620 2919 in
629 2853 707 2942 loca,
723 2849 762 2926 (5
773 2851 883 2947 loquor
897 2857 1189 2946 omniumgentium
1200 2855 1337 2951 linguis,

266 2957 366 3024 etiam
386 2952 605 3044 Angelorum,
638 2952 681 3036 a?
705 2970 814 3047 corpu
835 2974 937 3022 meum
959 2951 1094 3045 flammis
1117 2956 1263 3044 tradam,
1295 2957 1337 3036 O·

266 3052 459 3124 charitatem
473 3057 512 3121 in
527 3075 575 3122 me
586 3053 652 3121 non
665 3049 813 3144 habeam,
839 3053 929 3122 nihil
941 3052 1029 3140 sum:
1047 3055 1102 3144 sed
1114 3079 1168 3128 ero
1186 3082 1336 3130 aramen-

262 3167 339 3224 'tum
364 3157 513 3223 tinniens
537 3156 575 3222 in
597 3149 735 3242 reform
760 3167 797 3221 ut
818 3168 927 3248 pereat
952 3159 1038 3226 vocis
1060 3174 1156 3249 opus,
1182 3157 1238 3227 ubi
1260 3159 1336 3230 nul·

264 3253 319 3323 ius
341 3257 459 3322 occurit
482 3254 623 3326 auditus.
691 3249 729 3323 st
764 3265 865 3324 tenta
892 3271 972 3346 res,
1008 3251 1098 3329 ΕΒ.
1122 3254 1275 3349 Paulus,
1309 3255 1336 3334 fi

262 3373 331 3426 vno
347 3348 550 3442 eledionin
565 3350 729 3444 quamvis
748 3369 829 3423 curn
847 3351 1035 3445 imperiosa
1055 3357 1243 3428 virtute&
1257 3355 1335 3431 An·

261 3453 433 3548 gelorurn
451 3448 648 3543 societate,
674 3452 889 3542 pronuntiat
906 3449 941 3522 se
957 3453 1045 3526 nihil
1060 3452 1153 3546 effe,
1177 3454 1239 3527 nisr
1253 3456 1336 3529 cha-

260 3552 411 3624 ritatem
426 3550 609 3622 habuerit:
635 3548 781 3640 videte,
807 3571 851 3621 en
868 3570 944 3622 non
963 3553 1128 3625 dicentur
1143 3566 1336 3648 martyres,

264 3645 328 3724 sed
351 3648 482 3741 aliquid
505 3648 600 3721 eliud
620 3649 789 3741 appellari
811 3661 1038 3742 mereantur,
1065 3653 1125 3742 qui
1151 3649 1334 3728 charitatis

264 3746 470 3824 desertores
503 3767 573 3842 pro
605 3746 731 3822 eadem
764 3746 970 3822 desertione
1000 3750 1076 3841 pati
1111 3751 1241 3844 aliquid
1265 3769 1335 3848 po·

264 3859 428 3923 tuerunt.

340 3969 375 4044 9.
401 3944 547 4021 Gaudet
563 3955 666 4019 totur
683 3945 783 4020 orbis
800 3942 847 4020 de
858 3945 998 4020 unitate
1012 3943 1218 4038 catholiea,
1242 3971 1340 4044 prem

256 4057 320 4128 ter
335 4059 476 4145 partem
490 4047 649 4145 neree,
669 4047 709 4122 in
721 4046 1010 4140 queinoendiun
1021 4049 1068 4128 de
1080 4049 1337 4224 (εἰηιίὲιξεοιιι

810 4177 814 4216 r
1223 4162 1315 4221 im
1357 4169 1366 4175 '
