3200 4784
550 367 555 372 ¹
652 391 798 484 176
1152 384 1807 465 Monam-‚nra
1857 344 2287 496 verrin-K
2475 477 2482 484 ,

636 552 740 625 ad
787 566 864 640 te
909 546 1117 642 dare,
1185 550 1349 642 quia
1388 549 1661 642 scripta
1704 562 1828 623 tua
1876 551 1964 624 ad
2007 573 2171 630 eum
2209 549 2393 628 faaa
2437 547 2588 636 dari
2633 548 2786 630 feei

651 665 954 747 propter
982 663 1250 722 nomen
1278 648 1352 721 N
1359 650 1705 724 undinarii
1726 703 1749 739 ‚
1794 650 1861 721 ἀ
1900 652 2016 742 qui
2051 652 2351 747 impigre
2381 646 2566 748 agit,
2609 652 2789 736 sem·

651 772 784 847 per
806 771 918 822 res
943 750 1081 821 Dei
1114 750 1387 840 impetu
1406 741 1761 842 procedit.
1815 749 1889 821 N
1897 752 2358 840 epraetendas
2383 752 2791 826 excusatio—

650 865 847 925 nem.
966 848 1379 940 Occupatio
1426 869 1731 940 namque
1785 869 1921 921 nos
1981 850 2229 921 diebus
2278 849 2422 923 istie
2475 852 2784 947 stringit,

654 951 723 1023 δι
756 946 1241 1022 incunctanter
1271 962 1697 1022 commovet
1732 949 1919 1020 circa
1948 948 2100 1020 haec
2126 970 2353 1039 usque
2387 967 2556 1024 ante
2591 953 2787 1027 diem

652 1043 1212 1123 solemniffim'um
1248 1044 1560 1139 Paschae,
1615 1064 1698 1118 ut
1731 1067 1856 1138 per
1890 1061 1963 1118 te
1995 1045 2120 1119 fiat
2145 1049 2578 1142 pinguissima
2609 1073 2785 1146 pax,

654 1163 739 1221 ut
764 1148 953 1243 digni
983 1146 1393 1220 cohaeredes
1418 1144 1676 1219 Christi
1701 1148 2191 1244 inveniamur,
2229 1152 2350 1238 qui
2382 1149 2598 1223 dixit:
2663 1155 2788 1225 Pa·

545 1325 554 1340 ,
648 1273 776 1320 cem
819 1272 1012 1317 meam
1036 1249 1122 1316 ,do
1162 1247 1382 1337 vobis,
1432 1267 1639 1342 pacem
1673 1270 1867 1316 meam
1902 1248 2189 1344 relinquo
2215 1252 2415 1319 vobis.
2449 1247 2454 1253 ’
2514 1248 2615 1322 Et
2645 1253 2781 1324 ite·

650 1370 862 1421 rum:
922 1350 1066 1418 Peto
1111 1362 1184 1417 ut
1205 1345 1443 1438 facias.
1546 1347 1640 1418 Et
1675 1348 1807 1418 alia
1847 1371 2081 1417 manu:
2149 1345 2357 1438 Opto
2395 1360 2470 1422 te
2507 1349 2582 1422 in
2623 1348 2786 1423 Do·

650 1451 851 1524 mino
901 1450 1086 1521 bene
1137 1448 1429 1536 valere,
1482 1444 1549 1517 δι
1596 1444 1822 1518 nostri
1869 1467 2265 1542 memorem
2311 1446 2471 1523 effe.
2568 1449 2784 1526 Vale.

650 1547 792 1622 Sed
824 1568 1006 1642 rogo
1044 1561 1160 1634 te,
1210 1545 1456 1616 Nemo
1489 1544 1679 1616 sciat.
1704 1545 1760 1586 ‘⁶
2051 1553 2090 1588 ⁸

803 1649 1087 1743 Quibus
1115 1642 1310 1716 leftis
1333 1640 1777 1735 Zenophilus
1809 1642 1905 1720 V.
1938 1641 2020 1719 C.
2058 1641 2467 1719 Consularis
2504 1644 2687 1718 dixit
2710 1643 2782 1718 δι

653 1745 820 1819 astis
864 1744 930 1815 δι
974 1744 1232 1816 litteris
1275 1764 1427 1833 quae
1482 1745 1801 1818 recitatae
1856 1742 2016 1816 sunt
2043 1796 2069 1834 ,
2136 1745 2560 1826 traditorem
2604 1765 2785 1820 con·

650 1847 788 1920 stat
831 1835 967 1917 esse
997 1844 1405 1929 Silvanum:
1462 1843 1527 1916 &
1556 1841 1840 1917 Victori
1866 1843 2079 1916 dixit:
2142 1843 2571 1935 Simpliciter
2604 1863 2782 1918 con-

651 1942 914 2024 fitere.
982 1959 1221 2017 utrum
1276 1942 1446 2014 scias
1492 1963 1655 2016 eum
1709 1943 1969 2034 aliquid
2020 1942 2396 2018 tradidisse.
2517 1944 2780 2017 Victor

651 2046 874 2118 dixit:
944 2041 1323 2133 Tradidit,
1379 2040 1495 2115 sed
1526 2061 1680 2115 non
1714 2063 1830 2117 me
1857 2041 2223 2134 praesente.
2323 2041 2779 2136 Zenopbilus

652 2144 752 2218 V.
790 2142 871 2219 C.
912 2139 1201 2215 Consul.
1243 2142 1461 2213 dixit:
1527 2142 1726 2237 Quid
1768 2140 2291 2215 administrabat
2333 2155 2510 2214 tunc
2552 2142 2783 2215 Silva-

510 2287 518 2295 *
652 2266 786 2320 nus
814 2243 885 2315 in
913 2238 1184 2313 Clero?
1237 2240 1494 2313 Victor
1520 2238 1927 2334 respondit:
1979 2239 2123 2313 Sub
2158 2240 2379 2314 Paulo
2408 2238 2780 2335 Episcopo

650 2341 819 2426 orta
875 2338 976 2414 est
1031 2337 1485 2433 persecutio,
1551 2341 1621 2413 &
1671 2337 2003 2436 Silvanus
2057 2338 2555 2413 Subdiaconus
2611 2340 2773 2415 fuit.

642 2442 1162 2519 Nundinarius‘
1193 2439 1562 2513 Diaconus
1620 2438 2029 2534 respondit:
2105 2440 2422 2534 Quando
2474 2462 2620 2513 ven
2656 2460 2782 2513 um

648 2542 757 2616 est
803 2543 992 2633 illic,
1063 2539 1207 2631 ait,
1272 2554 1356 2614 ut
1400 2537 1622 2614 factus
1673 2537 1849 2613 esset
1900 2537 2343 2634 Episcopus,
2408 2537 2784 2633 respondit

651 2644 1007 2737 populus:
1066 2638 1274 2712 Alius
1309 2636 1472 2729 fiat,
1507 2638 1762 2713 exaudi
1784 2638 2009 2713 DeuS.
2075 2637 2519 2733 Zenophilus
2551 2641 2650 2713 V.
2688 2639 2776 2714 C.

654 2740 946 2815 Consul.
995 2737 1274 2811 Vitiosi
1330 2739 1542 2811 dixit:
1610 2737 1895 2811 Distum
1939 2735 2039 2811 est
2087 2740 2495 2831 aapopulo,
2551 2737 2779 2811 Silua*⁴
2819 2731 2836 2754 ¹
