3200 4784
734 415 881 490 174
951 383 965 398 '
1226 393 1892 470 Monuni-,nvi
1940 390 2370 478 VETERA'

728 575 848 631 me
888 551 1075 630 filius
1107 552 1352 628 noster
1380 549 2272 650 Nundinariuspiac'onus
2293 605 2319 639 ,
2371 555 2438 630 ὅτ
2469 557 2720 630 retulit
2752 577 2843 632 ea

732 677 890 748 quae
920 658 1111 728 inter
1133 671 1205 727 te
1235 656 1518 726 &illum
1547 657 2009 750 contigerint,
2045 673 2125 726 ut
2149 675 2276 748 per
2298 657 2616 730 malivoli
2647 661 2843 731 inter

734 753 1039 847 cessum,
1077 755 1196 843 qui
1231 755 1391 824 vult
1419 755 1682 825 animas
1710 753 2058 846 justorum
2087 777 2123 825 a
2155 760 2274 826 via
2303 758 2629 829 veritatis
2666 779 2843 829 aver

730 869 915 930 tere.
1021 852 1203 926 Cum
1238 873 1399 924 cum
1438 853 1790 943 audirem,
1818 869 2060 925 mente
2095 853 2411 926 defeetus
2448 855 2632 943 sum,
2671 878 2843 947 quo«

731 956 893 1028 talis
951 950 1279 1025 'diffenfio
1329 953 1517 1024 inter
1567 971 1706 1023 nos
1751 954 1981 1023 venit.
2088 953 2463 1044 Deitenim
2507 957 2843 1029 sacerdos

731 1068 819 1126 ut
839 1053 922 1125 ad
939 1053 1086 1124 hoc
1117 1053 1391 1142 veniat,
1423 1053 1620 1143 quod
1650 1071 1803 1124 non
1829 1052 2041 1124 nobis
2072 1054 2410 1143 expediat
2445 1050 2593 1128 fiat.
2646 1055 2722 1126 N
2731 1079 2843 1128 un«

732 1174 909 1247 ergo
961 1153 1187 1243 petite
1238 1171 1454 1241 eum,
1518 1165 1600 1220 ut
1632 1149 1668 1238 ‚'
1720 1151 1915 1240 quod
1956 1152 2245 1246 potest,
2317 1153 2476 1225 c'um
2524 1154 2843 1247 ipso-pa}

728 1253 1032 1327 Domini
1068 1251 1442 1322 salvatoris
1481 1248 1735 1322 Christi
1771 1251 1880 1325 fit.
1982 1250 2162 1324 Non
2209 1252 2295 1324 ad
2341 1255 2705 1344 publicum
2745 1276 2840 1328 ve

726 1356 1045 1441 mamus,
1078 1349 1157 1450 ¹&
1186 1372 1226 1423 a
1256 1351 1587 1446 gentibus
1619 1352 2053 1424 damnemur.
2121 1350 2479 1443 Scriptum
2513 1350 2613 1425 est
2639 1358 2828 1432 enim

745 1455 974 1526 Videte
1001 1475 1082 1521 ne
1120 1453 1265 1520 dum
1296 1454 1624 1533 mordetis,
1679 1452 1748 1525 Θ
1788 1452 2141 1536 causamini-
2163 1455 2614 1533 inimicitiam,
2661 1456 2739 1523 ab
2768 1461 2843 1523 in

727 1559 933 1624 vicem
972 1545 1443 1639 consumamini.
1556 1547 1756 1643 Ergo
1800 1563 1978 1640 peto
2031 1550 2468 1642 Dominum,
2535 1567 2618 1623 ut
2661 1556 2843 1625 tolla

730 1666 850 1725 tur
882 1652 970 1723 de
1004 1649 1245 1722 medio
1281 1647 1529 1720 nostro
1564 1649 1709 1722 hoc
1741 1647 2179 1734 scandalum,
2233 1649 2315 1721 u't
2343 1651 2551 1743 poffit
2579 1673 2692 1724 res
2727 1654 2841 1725 De

733 1771 899 1823 cum
944 1751 1325 1845 gratiarum
1373 1747 1652 1821 aetione
1703 1749 2099 1842 celebrari,
2153 1749 2481 1822 Domino
2535 1751 2823 1824 dicente

735 1855 951 1925 Pacem
980 1874 1171 1920 meam
1212 1851 1287 1921 do
1320 1852 1497 1919 vobis
1518 1897 1539 1935 ,
1588 1870 1796 1943 pacem
1830 1874 2025 1919 meam
2066 1852 2351 1944 relinquo
2385 1850 2577 1924 vobis.
2681 1853 2843 1943 Qua

726 1972 872 2046 -pax
918 1950 1191 2043 poterit
1238 1945 1424 2038 effe,
1489 1950 1611 2020 ubi
1647 1948 1969 2022 dissensio
2013 1950 2081 2021 &
2116 1949 2609 2022 aemulationes
2653 1949 2843 2023 sunt?

730 2051 922 2125 Nam
959 2071 1119 2122 cum
1150 2069 1288 2143 ego
1321 2070 1360 2120 a
1390 2047 1617 2121 milite
1646 2047 1855 2121 essem
1887 2047 1997 2121 ass'·
2016 2103 2032 2123 .
2054 2104 2070 2122 .
2090 2104 2107 2123 .
2148 2047 2510 2139 separatus
2534 2050 2700 2122 &in
2732 2051 2843 2122 illc

728 2149 1126 2238 veniss'em,
1194 2168 1353 2219 cum
1402 2148 1658 2239 injuria
1700 2150 1866 2239 tali,
1939 2147 2108 2219 Deo
2165 2144 2668 2222 commendavi
2720 2152 2843 2221 ani·

728 2271 915 2324 mam
960 2268 1230 2342 meam,
1284 2247 1351 2319 &
1397 2247 1626 2320 remifi
1668 2249 1842 2340 tibi,
1896 2247 2289 2342 quia-Deus
2335 2249 2537 2320 videt
2579 2265 2843 2322 mente:

729 2348 1107 2422 huminum
1140 2346 1206 2418 &
1241 2366 1535 2423 eorum,
1583 2347 1732 2420 five
1763 2369 1801 2418 a
1830 2360 1905 2420 te
1943 2347 2029 2417 ad
2064 2349 2228 2419 illos
2264 2349 2641 2439 perductus
2683 2348 2843 2440 sum.⁴

728 2447 849 2521 sed
887 2448 1088 2518 Deus
1130 2465 1268 2518 nos
1310 2446 1692 2552 liberavit,
1761 2447 1830 2518 δι
1875 2459 2113 2520 tecum
2159 2448 2526 2522 servimus,
2630 2444 2843 2544 Ergof

728 2550 933 2622 ficuti
974 2544 1317 2619 dimiss‘um
1361 2544 1461 2617 est
1493 2547 1746 2628 nobis,
1792 2545 1861 2619 ἃ
1897 2566 2035 2618 vos
2074 2547 2635 2621 reconciliamini
2676 2550 2843 2638 paci.

729 2661 815 2720 ut
840 2648 936 2729 jn
980 2647 1276 2720 nomine
1308 2643 1559 2718 Christi
1600 2644 1933 2737 poffimus
1967 2665 2127 2719 cum
2157 2647 2417 2741 gaudio
2453 2666 2718 2737 pacem·
2746 2668 2843 2721 ce·

729 2749 1031 2821 lebrare.
1131 2744 1378 2817 Nemo
1408 2743 1610 2819 sciat.
1636 2798 1694 2820 ..
1718 2748 1776 2790 ‘⁶
1871 2746 2062 2820 Item·
2096 2747 2224 2818 alia
2258 2747 2579 2821 recitata.
