3200 4784
591 355 745 444 Lim
778 363 1023 462 Qomno.
1296 369 1344 466 ⁶9

264 525 352 604 liae
369 523 553 618 ludicra,
578 525 735 600 diceret:
761 529 833 619 Qui
848 527 922 596 inde
932 524 1053 620 gustat,
1078 526 1116 598 do
1127 525 1215 614 sacro
1228 524 1342 624 gustat.

268 625 321 700 Et
341 624 443 700 reste
466 623 596 700 dietum
619 639 724 716 erat,
756 625 780 698 sn
801 626 907 698 talem
928 624 1056 700 famam
1072 623 1188 700 similis
1205 629 1340 700 veritos

267 725 492 820 sequeretur.
552 723 604 798 At
625 727 687 812 nini
704 739 856 798 ventum
878 722 929 798 est
951 745 971 795 a
995 722 1219 819 supradiiin,
1250 725 1338 800 nihil
1393 785 1400 810 ,

267 829 345 900 tole
363 823 475 921 visun)
489 822 562 916 est,
589 846 634 897 ex
649 845 697 898 eo
712 823 811 916 quod
829 825 946 896 fuerat
964 826 1073 916 paulo
1090 837 1174 900 ante
1186 831 1339 901 mentita

265 925 386 1000 fama:
404 925 491 996 nihil
507 925 678 997 viderunt
696 925 794 997 oculi
809 921 996 996 Christiani
1011 923 1110 1015 quod
1120 923 1335 1000 horrerent:
1401 999 1408 1014 ,

264 1024 365 1098 nihil
380 1025 552 1115 probavit
570 1021 726 1113 aspestus
745 1043 790 1094 ex
809 1024 850 1094 iis
868 1026 994 1113 quibus
1012 1023 1240 1116 perturbatus
1261 1041 1337 1096 erat

265 1122 425 1198 auditus.
478 1121 561 1195 Visa
574 1121 626 1196 est
639 1127 798 1215 puritas,
821 1121 939 1194 &ritu
954 1123 1060 1195 solito
1079 1122 1234 1194 solennis
1247 1141 1336 1194 con·

266 1221 424 1300 suetudo
437 1220 617 1318 perspeoia
633 1221 701 1294 est:
721 1242 801 1293 cum
814 1221 982 1294 viderent
997 1221 1128 1293 divinis
1145 1217 1337 1314 sacrificiis,

265 1343 340 1397 nec
357 1337 532 1395 mutatum
551 1322 761 1414 quidquam,
787 1339 856 1392 nec
873 1320 1051 1408 additum,
1076 1339 1145 1391 nec
1167 1320 1335 1394 ablatum.

265 1419 765 1512 an'aDeooornmendata‚
791 1419 1002 1492 volentibus
1016 1418 1162 1510 placuit.
1213 1420 1337 1516 Quare

265 1523 390 1598 nullus
412 1542 537 1594 eorum
556 1521 665 1592 debet
680 1521 798 1619 argui,
831 1520 891 1610 qui
907 1518 952 1592 de
971 1519 1129 1612 collegio
1150 1514 1273 1589 vestro
1293 1517 1337 1590 ad

264 1641 398 1716 pacem
415 1619 596 1692 transitum
615 1618 714 1693 fecit.
765 1619 841 1715 Qui
855 1617 998 1690 fuerant
1011 1616 1143 1690 sinistra
1159 1617 1337 1709 opinione

261 1721 427 1797 turbati,
453 1718 597 1810 simplici
621 1738 662 1788 ac
684 1737 773 1807 pura
788 1717 944 1788 veritate
961 1713 1089 1787 firmati
1110 1715 1199 1790 sunt.
1250 1714 1334 1789 Nec

261 1819 438 1891 dicantur
461 1818 505 1887 de
528 1836 648 1887 amaro
668 1813 790 1888 feciffe
815 1815 941 1903 dulce3
975 1829 1036 1886 aut
1056 1813 1100 1884 de
1124 1815 1218 1888 dulci
1244 1835 1335 1888 ama·

258 1934 364 1990 rum.
414 1913 651 2007 Amaritudo,
676 1934 754 2005 quae
777 1912 823 1986 de
846 1912 996 1988 falsstate
1018 1911 1208 1985 videbatur
1233 1913 1336 1987 fuine

260 2015 460 2102 nunciata,
493 2014 530 2085 in
548 2013 624 2086 sinu
642 2014 824 2106 opinionis
847 2009 975 2086 resedit
996 2012 1239 2088 acsemaniit:
1272 2035 1336 2086 ve·

260 2114 356 2186 titas
373 2109 553 2205 perspeiia
568 2113 704 2194 oculis,
730 2111 955 2187 dulcedinem
971 2111 1065 2186 suam
1079 2112 1115 2185 in
1131 2110 1167 2186 se
1182 2113 1334 2204 habens,

264 2233 289 2287 a
314 2211 406 2284 falsae
430 2212 614 2304 opinionis
641 2214 812 2286 limitibus
836 2209 994 2306 separata
1017 2211 1079 2288 est
1141 2209 1242 2309 Ergo
1266 2233 1333 2283 nec

266 2311 317 2386 de
341 2331 462 2384 amoro
486 2308 617 2384 fanum
642 2310 693 2384 est
715 2313 846 2405 dulce,
880 2333 948 2385 nec
972 2313 1017 2384 de
1043 2311 1139 2384 dulci
1160 2331 1334 2386 amarum:
1386 2371 1392 2384 .

268 2410 353 2502 quia
378 2409 412 2482 ἃ
435 2408 530 2481 aliud
553 2410 588 2483 &
611 2427 713 2484 extra
732 2410 802 2504 est,
829 2411 927 2503 quod
948 2409 999 2484 est
1014 2410 1147 2488 visum,
1175 2407 1334 2502 &longe

266 2509 412 2600 fuerat,
446 2508 545 2599 quod
563 2511 753 2584 videbatur
771 2512 942 2584 nuditum.
1003 2511 1127 2602 Quare
1145 2506 1269 2596 vides,
1297 2520 1335 2578 te

266 2607 342 2684 fine
361 2604 462 2680 causa
474 2606 595 2682 fecisse
614 2613 838 2697 convitium,
857 2606 995 2702 fingens
1011 2626 1080 2698 pro
1100 2604 1248 2675 arbitrio
1267 2617 1334 2678 tuo

215 2704 217 2770 ἐ
266 2708 369 2799 quod
395 2708 563 2797 voluisti,
595 2725 638 2779 ut
656 2707 855 2778 Taurinum
876 2706 909 2777 ἃ
928 2705 1125 2777 Macarium
1149 2705 1333 2780 lacerares.

266 2803 450 2880 Perdidisti
471 2803 570 2895 quod
588 2802 724 2897 sapiens
745 2804 900 2889 videris,
935 2803 1017 2876 dum
1043 2799 1159 2876 sensus
1180 2819 1265 2877 tuos
1283 2807 1333 2879 in·

267 2907 368 2980 vidia
384 2903 621 2997 depravavit,
640 2903 908 3001 &intelligendi
924 2904 989 2977 tibi
1006 2901 1121 2980 aditus
1141 2903 1273 2980 claufit.

264 3091 526 3126 *-

470 3225 706 3358 Linnn
745 3225 1136 3334 annnns.

271 3423 307 3482 1.
319 3409 448 3584 Ate
462 3404 592 3495 nobis,
617 3401 728 3477 frater
744 3402 996 3490 Parmeniane,
1021 3402 1066 3476 de
1083 3403 1203 3497 petito
1219 3398 1333 3472 milite
1400 3399 1402 3408 '

421 3501 546 3578 frustra
565 3503 775 3576 calumniam
792 3501 919 3575 faciam
940 3501 1034 3592 effe,
1066 3515 1190 3592 aperte
1210 3497 1332 3568 diluci-

230 3633 238 3642 ·
267 3599 388 3695 deque
404 3600 636 3678 monstratum
652 3600 714 3676 est.
761 3599 981 3672 Etiamillud
997 3598 1091 3690 discq
1107 3595 1206 3689 quod
1219 3593 1339 3668 dixisti

268 3702 317 3776 de
335 3704 422 3777 oleo
445 3703 479 3774 δι
498 3698 671 3773 sacrificio
688 3701 914 3791 peccatoris,
942 3699 985 3771 nd
1003 3717 1072 3768 vos
1087 3698 1210 3791 potius
1226 3696 1333 3788 perti*

267 3821 369 3876 nere.
421 3801 512 3875 Non
529 3801 623 3876 enim
640 3800 700 3872 ille
713 3799 821 3874 debet
836 3796 906 3872 effe
920 3810 1114 3891 peccator,
1141 3817 1246 3889 quem
1262 3815 1332 3868 vos

266 3899 474 3976 volueritis.
526 3901 621 3974 Nam
641 3898 674 3970 ἃ
693 3917 762 3972 nos
780 3895 932 3971 vestram
953 3893 1239 3992 praesumtionem
1254 3889 1334 3987 pos-

267 3999 386 4078 sumus
408 4002 557 4087 imitari,
589 4000 623 4074 ἃ
644 3998 885 4177 dicerekvos
904 3995 975 4074 effe
990 4013 1215 4170 peccatores<
1232 3989 1336 4165 &Sed

838 4119 859 4200 3
1136 4176 1140 4182 -
1208 4115 1236 4167 ἲ
1294 4130 1309 4144 “
