3200 4784
522 308 686 354 mentum,
710 306 743 351 υ
766 304 932 365 argentum
947 304 980 349 t)
994 302 1143 363 jatrum,
1170 302 1207 360 ὅ
1218 300 1422 369 stannum!

476 369 482 380 ’
522 385 562 451 sn
581 379 716 450 madium
731 378 850 444 camini
875 369 916 442 as
941 365 1171 463 insufflandum
1190 382 1228 462 in
1250 377 1348 470 igni,
1391 397 1422 450 rn

523 484 574 552 ira
590 480 735 572 recipiam
751 496 807 544 uos
824 477 861 541 in
877 481 928 542 ira
940 494 1029 563 mea,
1057 474 1097 549 (s
1107 469 1337 570 conflabimini
1352 481 1398 548 im
1416 503 1422 549 r

525 573 708 668 Mesatis,
733 578 811 668 quia
833 573 963 664 ego'sum
989 577 1170 661 Dominus,
1198 582 1260 669 qui
1280 574 1394 666 effredi
1419 613 1422 648 2

518 681 612 776 [uper
627 701 693 747 uos.
747 671 887 746 Contra
905 669 980 744 haec
996 669 1146 763 hitalia,
1172 673 1306 764 quibus
1325 667 1422 751 Eccl

525 767 839 853 contaminatione
860 773 1121 865 permixtorum
1144 768 1422 852 immundorum

524 889 607 969 tur,
639 879 773 948 clarum
791 869 862 958 est,
896 870 1207 964 adversariosque
1233 868 1422 952 conseien

524 979 690 1050 cinantes
706 972 888 1044 erroribus
905 973 1020 1044 malos
1036 967 1156 1046 nolint
1179 987 1200 1044 a
1224 973 1422 1052 bonorum

520 1081 635 1154 mione
651 1067 810 1146 discerni.
862 1069 1067 1161 Sequuntur
1087 1066 1183 1146 enim
1204 1073 1422 1164 apertiffrrnr

523 1177 686 1262 mantes,
710 1168 908 1259 ardicam,
930 1165 1122 1247 Ecclesiam
1139 1174 1326 1246 malorum
1350 1166 1422 1250 del:

521 1271 790 1352 manifestorum
810 1288 886 1341 non
907 1265 1007 1360 posse
1029 1271 1230 1358 maculari„
1248 1270 1422 1349 adhiben

549 1378 581 1446 la
602 1370 885 1465 Prophetarum,
913 1369 972 1460 qui
999 1367 1086 1442 licet
1110 1387 1175 1444 eos
1200 1369 1422 1465 increparet

522 1397 636 1563 liaris,
662 1482 784 1543 tamen
809 1465 844 1542 se
867 1467 980 1542 abeis
1003 1465 1242 1566 corporaliter
1268 1491 1356 1545 non
1384 1465 1422 1548 se

524 1595 606 1648 cum
628 1567 858 1644 ostendamus
883 1569 993 1661 longe
1016 1566 1109 1642 aliud
1133 1561 1232 1643 fuisse
1259 1569 1360 1644 iliud
1383 1589 1422 1647 te

524 1691 600 1766 quo
619 1670 854 1761 frequentare
877 1665 1096 1759 Baptismum
1122 1672 1262 1758 toties,
1301 1675 1422 1760 quoti

521 1775 630 1861 bant,
652 1768 965 1863 permittebantur.
1016 1762 1155 1841 Tamen
1171 1769 1280 1840 etiam
1299 1769 1355 1842 src
1375 1777 1417 1846 in

522 1872 641 1948 eidem
665 1861 881 1959 Propheta,
908 1867 1121 1939 amalorum
1145 1872 1422 1950 communione

443 2039 447 2053 ,
523 1969 648 2054 nuilla,
663 1965 808 2059 quando
822 1963 1026 2057 sophonias
1044 1966 1246 2059 Propheta,
1267 1971 1334 2058 qui
1354 1967 1422 2066 ad]

521 2069 561 2146 in
585 2063 772 2142 schismate
791 2064 947 2157 positum
969 2059 1109 2156 missus,
1136 2081 1204 2137 nec
1226 2083 1368 2157 panem
1395 2091 1420 2145 n

518 2167 670 2266 jubetur
702 2165 896 2256 accipere,
935 2165 994 2254 qui
1035 2165 1307 2239 circumventus
1345 2177 1422 2243 vio

523 2283 637 2362 cepto
658 2263 807 2339 aleone
825 2257 1010 2337 confectus
1031 2263 1106 2352 est;
1143 2261 1236 2336 Elias·
1259 2269 1384 2343 etiam
1413 2277 1422 2342 1

523 2370 693 2441 altaribus
711 2361 905 2437 schismatis
924 2363 1086 2435 Samariae
1102 2380 1283 2435 nunonem
1302 2385 1422 2433 come
