3200 4784
410 354 1193 461 uellouarrsranuu'Hrsuonrri
1266 379 1338 461 373

262 520 451 618 judicium·
467 536 590 617 turim,
606 523 668 597 'de
688 526 763 616 ¹quo
786 522 838 596 est
854 522 953 595 Deus
973 522 1180 616 &populus
1197 521 1333 615 judica·

205 634 211 641 '
267 638 382 696 turus.
411 624 460 695 Et
474 624 540 694 alia
555 647 663 698 manu.
703 622 882 696 Emeritus
897 620 1096 714 Episcopus
1114 624 1330 718 recognovi.

340 730 400 812 48.
430 727 685 793 fortunatianus
703 725 867 818 Episcopus
885 722 1019 817 Ecclestae
1040 723 1206 793 Cotbnlr'cae
1227 725 1355 791 dixsit*

227 908 230 918 Ι
266 819 458 895 Catholica
471 818 646 915 Ecclesia,
663 843 739 914 quae
754 838 854 912 totu,
872 819 1126 911 srcutpromilla
1142 820 1204 912 est,
1220 826 1329 893 terrass

261 941 343 995 rum
358 921 448 994 orbe
460 920 683 1013 diffunditur,
696 943 776 995 cum
787 921 942 1015 adverse
954 924 1044 1013 parti
1059 919 1193 1012 semper
1204 921 1248 993 de
1258 917 1331 994 fide

223 1072 227 1099 .
261 1019 473 1108 obtulisset,
500 1021 534 1093 dr
552 1024 596 1094 de
612 1021 773 1112 ustione,
795 1041 899 1110 quam
914 1022 1019 1093 nobis
1033 1018 1219 1093 criminose
1237 1019 1330 1109 obji-

261 1122 385 1210 ciunt,
405 1120 690 1195 collationem&
711 1119 849 1212 scriptis
864 1120 1040 1211 publicis,
1067 1118 1337 1201 &testimoniis

258 1221 479 1310 multorum,
498 1223 532 1293 dt
547 1223 798 1293 conventione
811 1217 1073 1314 magistratuum
1086 1217 1224 1290 facilius
1240 1216 1328 1290 edu·

259 1320 413 1405 cebitur.
447 1317 516 1392 Sed
532 1337 572 1393 ut
593 1322 690 1393 omni
708 1340 752 1391 ex
769 1330 872 1414 parte
890 1331 968 1389 tuta
983 1317 1025 1389 fit
1041 1317 1145 1409 ipsrus
1160 1318 1327 1389 collatio·

258 1418 317 1489 nis
341 1415 468 1507 causa,
504 1418 650 1491 confusa
674 1439 749 1491 non
775 1419 864 1491 facit
889 1415 1096 1491 multitudo.
1154 1417 1327 1510 Deligant

257 1517 270 1589 i
296 1516 367 1588 itur
378 1515 564 1609 presentes
580 1518 708 1590 fratres
726 1517 852 1607 nostri,
862 1518 942 1608 quia
955 1518 1101 1602 volunt,
1114 1535 1158 1587 ex
1172 1512 1323 1592 adverso

257 1537 418 1691 &lentes
437 1618 575 1707 aliquos
599 1616 647 1690 sui
670 1617 810 1689 ordinis
832 1615 1019 1715 primarios
1041 1616 1166 1705 viros,
1194 1616 1323 1703 qtribus

257 1729 374 1789 totam
394 1714 542 1788 adilonis
561 1717 727 1790 summam
745 1718 995 1806 committant,
1012 1729 1119 1805 atque
1140 1712 1330 1805 adstipula,

259 1816 402 1888 tionem·
419 1813 554 1888 faciant
577 1816 800 1907 praesentium
825 1812 1025 1911 gestorum3
1059 1826 1101 1885 ut
1120 1813 1143 1885 sr
1163 1812 1260 1886 sorte
1284 1812 1322 1886 in

259 1910 451 1987 assertione
471 1915 629 2007 ejusdem
655 1914 765 1987 causae
787 1913 1007 2004 defecerint,
1037 1911 1075 1985 in
1096 1931 1221 1987 eorum
1242 1932 1322 2007 per·

256 2012 369 2104 sona,
402 2014 461 2105 qui
483 2014 686 2106 hujusmodi
707 2016 892 2109 negotium
916 2010 1150 2106 susceperint,
1185 2014 1320 2102 absque

256 2110 486 2186 cundatione
511 2114 626 2189 villos
650 2134 714 2189 eos
741 2112 834 2207 else,
862 2113 1081 2187 &recitatio
1099 2110 1321 2185 demonstret

257 2208 429 2285 adiorum.
492 2211 542 2286 Et
574 2214 658 2288 ideo
695 2215 879 2308 quianon
913 2234 1004 2306 opus
1039 2208 1091 2284 est
1128 2209 1320 2283 multifaric

254 2310 428 2385 dilatione
447 2314 581 2389 causam
600 2335 791 2410 peragere,
825 2314 982 2407 deligant
1002 2308 1171 2403 personas
1194 2307 1319 2379 secun-

255 2410 338 2484 dum
363 2413 538 2505 proposui
560 2413 663 2487 edisti
691 2429 879 2492 tenorem,
912 2430 989 2501 quae
1012 2407 1217 2483 collationis
1238 2426 1319 2479 ccu-

255 2509 326 2583 sam
349 2509 558 2603 suscipiant,
592 2525 633 2583 ut
656 2512 823 2584 omnibus
847 2509 984 2600 semper
1004 2506 1158 2599 probata
1181 2507 1318 2577 ueritas

252 2611 336 2680 luce
357 2612 484 2681 clarius
502 2609 775 2683 demonstretur.
828 2606 922 2678 Nam
942 2604 1145 2677 mandatum
1164 2603 1251 2675 nihil
1264 2604 1320 2694 ju-

252 2709 302 2777 ris
328 2709 361 2778 ἃ
385 2707 622 2778 cavillationis
645 2705 795 2778 forensis
818 2705 971 2795 habere,
998 2703 1073 2793 eius
1091 2699 1265 2795 leslione,
1291 2697 1319 2775 sr

200 2866 207 2885 ‚
252 2825 334 2897 pars
358 2803 504 2878 adversa
529 2806 706 2899 patiatur,
738 2802 1125 2901 faciliusedocebitur.
1180 2804 1228 2875 Et
1250 2802 1317 2876 alia

251 2928 361 2975 manu.
411 2903 642 3000 Recognovi.

325 3027 385 3107 49.
414 3006 630 3075 Marcellinus
645 3007 701 3074 vir
713 2999 904 3095 cluriffimus
917 2991 1083 3074 Triduum
1098 2998 1138 3079 U
1153 3002 1316 3072 Notarius

249 3106 356 3173 dixit.-
396 3102 691 3179 Prosecutionem
707 3118 804 3177 tuam
820 3123 900 3177 cum
918 3101 1095 3194 Imperiali
1111 3113 1248 3174 certum
1265 3098 1328 3174 est'

253 3202 476 3277 concordare
502 3218 709 3298 precepto,
742 3224 815 3295 quo
833 3200 1066 3276 constitutum
1084 3198 1155 3284 est,
1180 3215 1221 3270 ut
1240 3220 1317 3270 cer·

249 3316 308 3372 tus
329 3324 348 3372 a
367 3301 506 3397 singulis
530 3306 688 3396 partibus
709 3323 877 3376 numerus
900 3302 1076 3397 diligatur.
1129 3298 1223 3370 Nam
1240 3297 1317 3370 srve

244 3404 356 3496 juris,
381 3399 457 3475 srue
476 3399 558 3475 fidei
577 3402 677 3476 causa
695 3401 887 3491 tradiatur,
915 3417 1013 3472 certe
1028 3398 1163 3471 debent
1181 3393 1315 3468 adstare

249 3499 431 3594 persone,
457 3512 516 3590 ut,
543 3503 713 3595 quidquid
730 3499 986 3591 adiumfuerit,
1012 3499 1188 3594 integrum
1202 3496 1315 3567 robur

228 3598 425 3672 'obtineat
1230 3620 1238 3653 ν

325 3722 382 3788 50.
415 3702 669 3771 listunarianus
687 3699 855 3794 Episcopus
872 3696 1006 3789 Ecclesia
1025 3694 1190 3765 catholica
1206 3693 1313 3765 discite

250 3795 430 3891 Dignetur
447 3802 555 3896 igitur
572 3798 804 3892 speuabiritas
820 3812 883 3870 tun
895 3795 1100 3872 mandatum
1117 3786 1315 3886 susceptum

252 3896 374 3967 officio
404 3900 600 3973 tradere&
626 3899 770 3972 recitari
792 3898 943 3990 jubere,
977 3906 1019 3967 ut
1045 3914 1091 3966 ex
1113 3913 1161 3967 eo
1182 3906 1315 3966 tenore

251 4016 332 4093 pars
354 3997 522 4092 adversa,
549 3996 631 4095 quia
650 3998 907 4195 dignaffi,3ab
924 3996 999 4072 hoc
1015 3990 1319 4174 ἰηὼυᾶιὲζξξιι
