3200 4784
400 429 460 483 us
485 409 879 488 Donatista-uuit
902 404 1152 509 Historiis.
1245 433 1315 509 233

250 575 350 657 Nam·
366 573 544 659 continuo
564 566 709 641 infestus
724 570 890 661 urgebat,
917 580 959 638 ut
978 568 1172 659 produftus
1194 570 1239 647 de
1257 597 1317 647 cu·

251 674 367 749 stedia
383 673 454 747 Dei
475 668 589 781 testis,
617 666 659 739 ad
676 682 889 759 praewptam
904 670 1081 739 naturalis>
1094 686 1205 761 petrae
1222 674 1317 749 celsi·

251 776 412 851 tudinem
425 786 532 860 atque
546 770 741 859 asperrime
755 768 852 857 rupis
866 768 1097 857 precipitium
1112 770 1316 857 duceretur.

250 874 339 949 Hoc
376 871 469 942 enim
501 866 758 941 immitissimum
794 886 907 958 genus
933 870 1060 943 mortis
1093 872 1249 963 elegerat
1281 872 1317 947 bt

253 984 426 1045 cruentus
453 987 494 1039 ac
519 964 881 1059 barbarus'prosanae
906 969 1051 1037 unitatis
1077 970 1244 1053 exaftor,
1282 974 1318 1046 dt

253 1061 459 1145 detestanda
475 1070 639 1139 omnibus
658 1062 782 1135 seculis
797 1062 1181 1151 faevitiaTraditorum.
1207 1070 1319 1164 Egre-

254 1172 418 1243 diebatur
437 1171 557 1255 itaque
582 1166 754 1237 dedomo
774 1164 958 1234 Masculus
974 1165 1173 1259 gloriosus,
1201 1171 1319 1241 custo·

252 1274 337 1345 dum
354 1267 515 1341 excubiis
531 1284 571 1335 ac
584 1264 733 1337 militum
750 1261 852 1333 classe
868 1266 1127 1355 circumdatus,
1149 1282 1256 1359 atque
1273 1273 1319 1345 ab

254 1372 333 1463 ipsis
361 1363 654 1458 persequentibus
676 1362 889 1435 honoratus.
948 1362 1208 1455 Egrediebatur
1230 1391 1320 1443 con·

254 1470 381 1545 stantia
398 1461 584 1537 Christiani
604 1463 739 1558 vigoris
756 1458 907 1551 cretius,
923 1461 1074 1553 hospitia
1084 1466 1154 1555 jam
1166 1468 1319 1545 humana

255 1569 528 1653 derelinquens,
545 1562 577 1633 di
594 1562 635 1651 ad
652 1562 849 1633 mansiones
868 1581 1065 1653 properans
1083 1563 1318 1662 Angelorum.

256 1666 519 1763 Egrediebatur
539 1664 644 1733 vultu
661 1662 785 1751 letus,
811 1660 958 1733 festinus
973 1660 1127 1757 incessu,
1155 1684 1321 1747 nontam

256 1766 463 1861 presentem
482 1782 643 1853 paenam,
670 1780 773 1851 quam
797 1760 950 1833 futuram
974 1764 1136 1856 cogitans
1157 1767 1320 1861 gloriam.-

259 1867 332 1939 lter
359 1882 504 1954 quoque
530 1859 666 1953 ipsum,
699 1880 772 1950 quo
799 1860 843 1931 ad
870 1859 1076 1951 supplicium
1100 1864 1321 1962 ducebatur,
1351 1950 1356 1957 ,

260 1968 334 2055 tale
348 1963 396 2036 illi
415 1962 528 2034 fuerat
544 1976 798 2050 procuratum,
820 1972 861 2029 ut
876 1960 1056 2033 exstructis
1070 1966 1225 2056 undique
1242 1989 1324 2040 ver·

260 2064 335 2138 sum
361 2074 463 2133 tettae
486 2062 665 2148 molibus,
699 2079 740 2129 ac
764 2061 933 2151 paulatim
956 2060 992 2133 in
1009 2062 1118 2139 altum
1137 2068 1326 2170 aggeribus

261 2164 434 2253 eleuatis,
467 2160 509 2232 ad
530 2159 691 2253 passionis
715 2156 782 2231 suae
803 2158 937 2253 infigne
960 2158 1133 2257 fastigium
1156 2168 1325 2258 perueni-

262 2278 342 2352 ret,
369 2259 440 2355 ipfa
458 2260 591 2333 montis
609 2258 805 2333 famulante
820 2275 963 2331 natura:
988 2276 1029 2333 ut
1044 2267 1159 2354 primo
1179 2267 1325 2341 humilia

263 2364 367 2435 collis
391 2362 497 2455 juga,
528 2362 656 2432 deliine
681 2360 812 2430 arduos
840 2347 995 2431 vertices
1019 2364 1185 2455 calcans,
1221 2367 1325 2439 velut

262 2483 326 2557 pet
341 2461 468 2558 gradus
485 2461 657 2551 quosdam
681 2460 716 2528 in
742 2457 889 2529 sublime
915 2458 1182 2550 conscendens,
1216 2464 1324 2539 etiam

264 2584 344 2635 cum
362 2559 439 2652 ipso
456 2578 614 2650 corpore·
629 2558 722 2627 coelo
738 2578 779 2625 ac
796 2556 964 2642 sideribus
981 2559 1256 2649 propinquaret:
1284 2576 1330 2635 ut

263 2665 381 2734 adhuc
397 2661 433 2728 in
448 2657 582 2731 mundo
599 2656 734 2747 positus
750 2653 838 2725 esset
854 2653 980 2733 celsior
994 2657 1151 2745 mimd03
1180 2659 1212 2730 u
1229 2662 1329 2752 quid·

264 2762 349 2850 quid
371 2754 588 2846 pretiosum,
621 2752 790 2841 quidquid
815 2753 947 2825 elatum
963 2755 1109 2829 videtur
1128 2754 1166 2831 iri
1184 2758 1327 2853 seculo,

265 2860 328 2934 sub
347 2856 475 2946 plantis
499 2852 565 2923 suis
583 2853 701 2941 jacere
723 2851 904 2945 gauderet.
964 2855 1060 2925 Mox
1082 2858 1142 2927 tibi
1169 2881 1260 2933 vero
1284 2862 1329 2934 ad

265 2954 376 3045 ipsum
397 2967 505 3042 petrae
524 2952 663 3023 culinen
683 2949 858 3023 ascensum
875 2949 944 3042 est,
969 2952 1053 3027 inde
1068 2958 1223 3032 universi
1239 2961 1329 3033 mili·

266 3072 321 3127 tes
342 3055 467 3145 partim
486 3066 604 3145 metti,
638 3052 766 3141 partim
785 3050 915 3123 dolore
933 3050 1161 3149 secedentes,
1190 3074 1259 3132 tam
1277 3062 1331 3133 in·

268 3154 391 3227 audito
413 3153 565 3251 facinori
594 3150 656 3223 etsi
673 3148 893 3225 conscientia
911 3152 1112 3250 intereant,
1141 3160 1200 3231 vel
1216 3178 1331 3255 opere

266 3251 432 3328 interesse
455 3255 662 3327 noluerunt.
704 3302 706 3307 -
1167 3256 1171 3265 '

264 3442 266 3447 Ι
344 3351 380 3423 T
383 3373 452 3423 unc
471 3350 727 3424 immaniffimus
748 3350 929 3443 carnifex,
955 3355 1013 3445 qui
1034 3354 1164 3448 duplici
1183 3358 1333 3428 crudeli·

270 3468 368 3543 tate,
397 3452 647 3543 &precipitio
669 3467 822 3535 armatus
843 3451 876 3521 di
895 3452 1015 3543 ferto,
1041 3459 1215 3545 geminam
1238 3478 1334 3527 mor.

270 3571 342 3624 tem
362 3550 519 3645 gestabat
540 3552 576 3619 in
598 3551 781 3641 manibus,
809 3550 943 3621 crudeli
959 3554 1106 3625 dextera
1121 3556 1156 3625 in
1176 3575 1335 3644 praeceps

271 3655 412 3743 impulit
427 3652 647 3739 Martyrem,
669 3651 701 3719 bi
717 3672 797 3723 eum
815 3650 851 3719 in
865 3663 997 3722 tetrum
1013 3653 1124 3725 chaos
1141 3652 1336 3727 demersisse

274 3753 457 3839 credidit,
494 3750 549 3819 cui
577 3750 749 3821 erulorum
775 3746 965 3821 sublimitas
993 3749 1200 3823 debebatur.
1264 3751 1337 3829 Sed

274 3856 368 3924 enim
389 3845 642 3922 sacrosantlum
666 3868 798 3937 corpus
817 3862 919 3921 tetre
939 3848 1117 3923 soliditate
1135 3850 1338 3928 sunduuaa

276 3950 484 4022 celsitudine
508 3948 550 4017 ad
569 3951 638 4020 ima
658 3942 874 4019 descendens
891 3968 954 4037 per
974 3970 1089 4021 vacua
1107 3952 1229 4042 liquidi
1247 3954 1339 4027 aeris

275 4047 387 4151 spatia
410 4048 611 4145 serebatur,
645 4066 763 4142 neque
785 4046 974 4225 ‹gtidquam
994 4047 1209 4128 offensionis
1226 4052 1359 4157 'inibis

776 4194 778 4199 -
853 4170 872 4243 5
1112 4222 1116 4229 ,
1199 4152 1326 4219 ”inamu
