<?xml version="1.0" encoding="UTF-8"?>
<!DOCTYPE html PUBLIC "-//W3C//DTD XHTML 1.0 Transitional//EN"
    "http://www.w3.org/TR/xhtml1/DTD/xhtml1-transitional.dtd">
<html xmlns="http://www.w3.org/1999/xhtml" xml:lang="en" lang="en">
 <head>
  <title>
</title>
<meta http-equiv="Content-Type" content="text/html;charset=utf-8" />
  <meta name='ocr-system' content='tesseract 3.04.00' />
  <meta name='ocr-capabilities' content='ocr_page ocr_carea ocr_par ocr_line ocrx_word'/>
</head>
<body>
  <div class='ocr_page' id='page_1' title='image "./operaomniasanct06librgoog_0316.png"; bbox 0 0 3200 4784; ppageno 0'>
   <div class='ocr_carea' id='block_1_1' title="bbox 524 369 2144 472">
    <p class='ocr_par' dir='ltr' id='par_1_1' title="bbox 524 369 2144 472">
     <span class='ocr_line' id='line_1_1' title="bbox 524 369 2144 472; baseline -0.001 -19"><span class='ocrx_word' id='word_1_1' title='bbox 524 395 668 472; x_wconf 79' lang='lat'><strong>270</strong></span> <span class='ocrx_word' id='word_1_2' title='bbox 1026 369 1676 450; x_wconf 70' lang='lat' dir='ltr'><strong>Monuunuu</strong></span> <span class='ocrx_word' id='word_1_3' title='bbox 1729 374 2144 452; x_wconf 66' lang='lat' dir='ltr'><strong>varena</strong></span> 
     </span>
    </p>
   </div>
   <div class='ocr_carea' id='block_1_2' title="bbox 478 513 2727 2818">
    <p class='ocr_par' dir='ltr' id='par_1_2' title="bbox 514 513 2727 1707">
     <span class='ocr_line' id='line_1_2' title="bbox 514 513 2676 629; baseline 0.002 -17"><span class='ocrx_word' id='word_1_4' title='bbox 514 523 637 612; x_wconf 80' lang='lat' dir='ltr'><strong>sed</strong></span> <span class='ocrx_word' id='word_1_5' title='bbox 672 533 957 609; x_wconf 89' lang='lat' dir='ltr'><strong>utillud</strong></span> <span class='ocrx_word' id='word_1_6' title='bbox 994 549 1278 608; x_wconf 89' lang='lat' dir='ltr'><strong>maneat</strong></span> <span class='ocrx_word' id='word_1_7' title='bbox 1321 536 1507 608; x_wconf 89' lang='lat' dir='ltr'><strong>circa</strong></span> <span class='ocrx_word' id='word_1_8' title='bbox 1542 555 1671 610; x_wconf 88' lang='lat' dir='ltr'><strong>eos</strong></span> <span class='ocrx_word' id='word_1_9' title='bbox 1693 589 1718 629; x_wconf 94' lang='lat'><strong>,</strong></span> <span class='ocrx_word' id='word_1_10' title='bbox 1773 539 1892 629; x_wconf 86' lang='lat' dir='ltr'><strong>qui</strong></span> <span class='ocrx_word' id='word_1_11' title='bbox 1931 513 2028 610; x_wconf 67' lang='lat' dir='ltr'><strong>lic</strong></span> <span class='ocrx_word' id='word_1_12' title='bbox 2065 538 2360 614; x_wconf 84' lang='lat' dir='ltr'><strong>tranlire</strong></span> <span class='ocrx_word' id='word_1_13' title='bbox 2385 539 2492 616; x_wconf 84' lang='lat' dir='ltr'><strong>&#39;ad</strong></span> <span class='ocrx_word' id='word_1_14' title='bbox 2541 538 2676 616; x_wconf 68' lang='lat' dir='ltr'><strong>ca.-</strong></span> 
     </span>
     <span class='ocr_line' id='line_1_3' title="bbox 520 637 2673 734; baseline 0.003 -24"><span class='ocrx_word' id='word_1_15' title='bbox 520 639 866 710; x_wconf 84' lang='lat' dir='ltr'><strong>tholicarn</strong></span> <span class='ocrx_word' id='word_1_16' title='bbox 904 638 1205 724; x_wconf 88' lang='lat' dir='ltr'><strong>volunt,</strong></span> <span class='ocrx_word' id='word_1_17' title='bbox 1258 650 1341 707; x_wconf 89' lang='lat' dir='ltr'><strong>ut</strong></span> <span class='ocrx_word' id='word_1_18' title='bbox 1368 637 1561 708; x_wconf 89' lang='lat' dir='ltr'><strong>nulla</strong></span> <span class='ocrx_word' id='word_1_19' title='bbox 1588 658 1716 730; x_wconf 89' lang='lat' dir='ltr'><strong>per</strong></span> <span class='ocrx_word' id='word_1_20' title='bbox 1751 660 1878 709; x_wconf 87' lang='lat' dir='ltr'><strong>eos</strong></span> <span class='ocrx_word' id='word_1_21' title='bbox 1909 641 2198 712; x_wconf 87' lang='lat' dir='ltr'><strong>unitatis</strong></span> <span class='ocrx_word' id='word_1_22' title='bbox 2243 643 2673 734; x_wconf 86' lang='lat' dir='ltr'><strong>compensa·</strong></span> 
     </span>
     <span class='ocr_line' id='line_1_4' title="bbox 516 735 2669 835; baseline 0.002 -26"><span class='ocrx_word' id='word_1_23' title='bbox 516 738 632 810; x_wconf 84' lang='lat' dir='ltr'><strong>tio</strong></span> <span class='ocrx_word' id='word_1_24' title='bbox 664 750 1118 830; x_wconf 85' lang='lat' dir='ltr'><strong>procuretur.</strong></span> <span class='ocrx_word' id='word_1_25' title='bbox 1222 735 1357 807; x_wconf 88' lang='lat' dir='ltr'><strong>Per</strong></span> <span class='ocrx_word' id='word_1_26' title='bbox 1390 757 1573 826; x_wconf 87' lang='lat' dir='ltr'><strong>quos</strong></span> <span class='ocrx_word' id='word_1_27' title='bbox 1609 751 1844 811; x_wconf 87' lang='lat' dir='ltr'><strong>autem</strong></span> <span class='ocrx_word' id='word_1_28' title='bbox 1879 739 1996 808; x_wconf 87' lang='lat' dir='ltr'><strong>vel</strong></span> <span class='ocrx_word' id='word_1_29' title='bbox 2028 743 2464 814; x_wconf 87' lang='lat' dir='ltr'><strong>omnimodo</strong></span> <span class='ocrx_word' id='word_1_30' title='bbox 2509 763 2669 835; x_wconf 88' lang='lat' dir='ltr'><strong>per·</strong></span> 
     </span>
     <span class='ocr_line' id='line_1_5' title="bbox 516 833 2727 926; baseline -0.001 -16"><span class='ocrx_word' id='word_1_31' title='bbox 516 833 684 926; x_wconf 87' lang='lat' dir='ltr'><strong>fici,</strong></span> <span class='ocrx_word' id='word_1_32' title='bbox 750 837 873 906; x_wconf 89' lang='lat' dir='ltr'><strong>vel</strong></span> <span class='ocrx_word' id='word_1_33' title='bbox 926 835 1245 926; x_wconf 86' lang='lat' dir='ltr'><strong>adjuvari</strong></span> <span class='ocrx_word' id='word_1_34' title='bbox 1294 833 1680 907; x_wconf 88' lang='lat' dir='ltr'><strong>manifestis</strong></span> <span class='ocrx_word' id='word_1_35' title='bbox 1733 836 2202 912; x_wconf 86' lang='lat' dir='ltr'><strong>fraternarum</strong></span> <span class='ocrx_word' id='word_1_36' title='bbox 2259 846 2666 919; x_wconf 87' lang='lat' dir='ltr'><strong>animarum</strong></span> <span class='ocrx_word' id='word_1_37' title='bbox 2721 888 2727 908; x_wconf 93' lang='lat'><strong>.</strong></span> 
     </span>
     <span class='ocr_line' id='line_1_6' title="bbox 516 933 2727 1036; baseline 0.002 -26"><span class='ocrx_word' id='word_1_38' title='bbox 516 938 735 1031; x_wconf 49' lang='lat' dir='ltr'><strong>lucris,</strong></span> <span class='ocrx_word' id='word_1_39' title='bbox 778 933 1161 1008; x_wconf 81' lang='lat' dir='ltr'><strong>catholica</strong></span> <span class='ocrx_word' id='word_1_40' title='bbox 1208 936 1437 1006; x_wconf 87' lang='lat' dir='ltr'><strong>unitas</strong></span> <span class='ocrx_word' id='word_1_41' title='bbox 1492 936 1565 1006; x_wconf 91' lang='lat' dir='ltr'><strong>in</strong></span> <span class='ocrx_word' id='word_1_42' title='bbox 1613 937 1842 1027; x_wconf 90' lang='lat' dir='ltr'><strong>locis,</strong></span> <span class='ocrx_word' id='word_1_43' title='bbox 1909 940 1982 1010; x_wconf 84' lang='lat' dir='ltr'><strong>in</strong></span> <span class='ocrx_word' id='word_1_44' title='bbox 2037 939 2290 1029; x_wconf 86' lang='lat' dir='ltr'><strong>quibus</strong></span> <span class='ocrx_word' id='word_1_45' title='bbox 2345 942 2664 1036; x_wconf 88' lang='lat' dir='ltr'><strong>degunt,</strong></span> <span class='ocrx_word' id='word_1_46' title='bbox 2723 935 2727 986; x_wconf 86' lang='lat'>;</span> 
     </span>
     <span class='ocr_line' id='line_1_7' title="bbox 517 1033 2666 1125; baseline 0.002 -16"><span class='ocrx_word' id='word_1_47' title='bbox 517 1034 671 1109; x_wconf 86' lang='lat' dir='ltr'><strong>visa</strong></span> <span class='ocrx_word' id='word_1_48' title='bbox 702 1033 965 1122; x_wconf 89' lang='lat' dir='ltr'><strong>fuerit;</strong></span> <span class='ocrx_word' id='word_1_49' title='bbox 1030 1055 1181 1107; x_wconf 88' lang='lat' dir='ltr'><strong>non</strong></span> <span class='ocrx_word' id='word_1_50' title='bbox 1226 1035 1326 1105; x_wconf 89' lang='lat' dir='ltr'><strong>eis</strong></span> <span class='ocrx_word' id='word_1_51' title='bbox 1362 1034 1586 1123; x_wconf 80' lang='lat' dir='ltr'><strong>obsit,</strong></span> <span class='ocrx_word' id='word_1_52' title='bbox 1641 1036 1838 1125; x_wconf 90' lang='lat' dir='ltr'><strong>quod</strong></span> <span class='ocrx_word' id='word_1_53' title='bbox 1873 1051 2126 1108; x_wconf 91' lang='lat' dir='ltr'><strong>contra</strong></span> <span class='ocrx_word' id='word_1_54' title='bbox 2159 1041 2492 1116; x_wconf 86' lang='lat' dir='ltr'><strong>honores</strong></span> <span class='ocrx_word' id='word_1_55' title='bbox 2537 1061 2666 1114; x_wconf 90' lang='lat' dir='ltr'><strong>eo-</strong></span> 
     </span>
     <span class='ocr_line' id='line_1_8' title="bbox 516 1131 2666 1232; baseline 0.002 -23"><span class='ocrx_word' id='word_1_56' title='bbox 516 1155 722 1226; x_wconf 87' lang='lat' dir='ltr'><strong>rum,</strong></span> <span class='ocrx_word' id='word_1_57' title='bbox 775 1132 1144 1228; x_wconf 83' lang='lat' dir='ltr'><strong>(quamvis</strong></span> <span class='ocrx_word' id='word_1_58' title='bbox 1188 1131 1361 1205; x_wconf 88' lang='lat' dir='ltr'><strong>salus</strong></span> <span class='ocrx_word' id='word_1_59' title='bbox 1408 1135 1579 1205; x_wconf 90' lang='lat' dir='ltr'><strong>nulli</strong></span> <span class='ocrx_word' id='word_1_60' title='bbox 1621 1134 1999 1208; x_wconf 90' lang='lat' dir='ltr'><strong>interclusa</strong></span> <span class='ocrx_word' id='word_1_61' title='bbox 2037 1135 2160 1232; x_wconf 84' lang='lat' dir='ltr'><strong>lit)</strong></span> <span class='ocrx_word' id='word_1_62' title='bbox 2199 1140 2272 1211; x_wconf 92' lang='lat' dir='ltr'><strong>in</strong></span> <span class='ocrx_word' id='word_1_63' title='bbox 2309 1155 2666 1214; x_wconf 82' lang='lat' dir='ltr'><strong>transma-</strong></span> 
     </span>
     <span class='ocr_line' id='line_1_9' title="bbox 516 1231 2664 1332; baseline 0.002 -24"><span class='ocrx_word' id='word_1_64' title='bbox 516 1236 682 1308; x_wconf 87' lang='lat' dir='ltr'><strong>rino</strong></span> <span class='ocrx_word' id='word_1_65' title='bbox 708 1231 1043 1306; x_wconf 84' lang='lat' dir='ltr'>Concilio</span> <span class='ocrx_word' id='word_1_66' title='bbox 1080 1231 1411 1306; x_wconf 89' lang='lat' dir='ltr'><strong>statutum</strong></span> <span class='ocrx_word' id='word_1_67' title='bbox 1443 1231 1572 1326; x_wconf 85' lang='lat' dir='ltr'><strong>est,</strong></span> <span class='ocrx_word' id='word_1_68' title='bbox 1604 1234 1677 1306; x_wconf 88' lang='lat' dir='ltr'><strong>id</strong></span> <span class='ocrx_word' id='word_1_69' title='bbox 1711 1232 1838 1325; x_wconf 85' lang='lat' dir='ltr'><strong>est,</strong></span> <span class='ocrx_word' id='word_1_70' title='bbox 1877 1248 1957 1306; x_wconf 89' lang='lat' dir='ltr'><strong>ut</strong></span> <span class='ocrx_word' id='word_1_71' title='bbox 1992 1238 2300 1310; x_wconf 90' lang='lat' dir='ltr'><strong>ordinati</strong></span> <span class='ocrx_word' id='word_1_72' title='bbox 2339 1241 2415 1312; x_wconf 92' lang='lat' dir='ltr'><strong>in</strong></span> <span class='ocrx_word' id='word_1_73' title='bbox 2451 1255 2664 1332; x_wconf 87' lang='lat' dir='ltr'><strong>parte</strong></span> 
     </span>
     <span class='ocr_line' id='line_1_10' title="bbox 516 1331 2660 1434; baseline 0.003 -26"><span class='ocrx_word' id='word_1_74' title='bbox 516 1333 841 1422; x_wconf 88' lang='lat' dir='ltr'><strong>Donati,</strong></span> <span class='ocrx_word' id='word_1_75' title='bbox 892 1334 943 1406; x_wconf 89' lang='lat' dir='ltr'><strong>s1</strong></span> <span class='ocrx_word' id='word_1_76' title='bbox 978 1334 1062 1405; x_wconf 89' lang='lat' dir='ltr'><strong>ad</strong></span> <span class='ocrx_word' id='word_1_77' title='bbox 1096 1331 1541 1406; x_wconf 87' lang='lat' dir='ltr'><strong>Catholicam</strong></span> <span class='ocrx_word' id='word_1_78' title='bbox 1580 1331 1882 1406; x_wconf 54' lang='lat' dir='ltr'><strong>correcti</strong></span> <span class='ocrx_word' id='word_1_79' title='bbox 1919 1337 2212 1409; x_wconf 74' lang='lat' dir='ltr'><strong>transire</strong></span> <span class='ocrx_word' id='word_1_80' title='bbox 2247 1341 2660 1434; x_wconf 90' lang='lat' dir='ltr'><strong>voluerint,</strong></span> 
     </span>
     <span class='ocr_line' id='line_1_11' title="bbox 514 1431 2660 1531; baseline 0.002 -24"><span class='ocrx_word' id='word_1_81' title='bbox 514 1456 673 1508; x_wconf 85' lang='lat' dir='ltr'><strong>non</strong></span> <span class='ocrx_word' id='word_1_82' title='bbox 724 1431 1185 1526; x_wconf 85' lang='lat' dir='ltr'><strong>suscipiantur</strong></span> <span class='ocrx_word' id='word_1_83' title='bbox 1232 1435 1303 1505; x_wconf 92' lang='lat' dir='ltr'><strong>in</strong></span> <span class='ocrx_word' id='word_1_84' title='bbox 1345 1434 1750 1531; x_wconf 75' lang='lat' dir='ltr'><strong>honoribus</strong></span> <span class='ocrx_word' id='word_1_85' title='bbox 1805 1431 1939 1507; x_wconf 90' lang='lat' dir='ltr'><strong>suis</strong></span> <span class='ocrx_word' id='word_1_86' title='bbox 1991 1434 2374 1511; x_wconf 90' lang='lat' dir='ltr'><strong>secundum</strong></span> <span class='ocrx_word' id='word_1_87' title='bbox 2426 1455 2660 1513; x_wconf 82' lang='lat' dir='ltr'><strong>trans-</strong></span> 
     </span>
     <span class='ocr_line' id='line_1_12' title="bbox 514 1528 2660 1630; baseline 0.002 -21"><span class='ocrx_word' id='word_1_88' title='bbox 514 1534 865 1609; x_wconf 86' lang='lat' dir='ltr'><strong>marinum</strong></span> <span class='ocrx_word' id='word_1_89' title='bbox 909 1529 1314 1604; x_wconf 87' lang='lat' dir='ltr'><strong>Concilium</strong></span> <span class='ocrx_word' id='word_1_90' title='bbox 1338 1583 1361 1619; x_wconf 87' lang='lat'><strong>,</strong></span> <span class='ocrx_word' id='word_1_91' title='bbox 1415 1528 1535 1603; x_wconf 91' lang='lat' dir='ltr'><strong>sed</strong></span> <span class='ocrx_word' id='word_1_92' title='bbox 1568 1535 1892 1626; x_wconf 85' lang='lat' dir='ltr'><strong>exceptis</strong></span> <span class='ocrx_word' id='word_1_93' title='bbox 1930 1535 2084 1629; x_wconf 85' lang='lat' dir='ltr'><strong>his,</strong></span> <span class='ocrx_word' id='word_1_94' title='bbox 2133 1555 2266 1629; x_wconf 86' lang='lat' dir='ltr'><strong>per</strong></span> <span class='ocrx_word' id='word_1_95' title='bbox 2297 1557 2490 1630; x_wconf 78' lang='lat' dir='ltr'><strong>quos</strong></span> <span class='ocrx_word' id='word_1_96' title='bbox 2525 1537 2660 1613; x_wconf 90' lang='lat' dir='ltr'><strong>Ca·</strong></span> 
     </span>
     <span class='ocr_line' id='line_1_13' title="bbox 516 1628 1551 1707; baseline -0.003 0"><span class='ocrx_word' id='word_1_97' title='bbox 516 1635 811 1707; x_wconf 87' lang='lat' dir='ltr'><strong>tholicae</strong></span> <span class='ocrx_word' id='word_1_98' title='bbox 843 1632 1099 1702; x_wconf 89' lang='lat' dir='ltr'><strong>unitati</strong></span> <span class='ocrx_word' id='word_1_99' title='bbox 1137 1628 1551 1704; x_wconf 88' lang='lat' dir='ltr'><strong>consulitur.</strong></span> 
     </span>
    </p>

    <p class='ocr_par' dir='ltr' id='par_1_3' title="bbox 478 1729 2658 2818">
     <span class='ocr_line' id='line_1_14' title="bbox 672 1729 2658 1828; baseline 0.003 -24"><span class='ocrx_word' id='word_1_100' title='bbox 672 1730 959 1804; x_wconf 83' lang='lat' dir='ltr'><strong>Deinde</strong></span> <span class='ocrx_word' id='word_1_101' title='bbox 982 1732 1287 1823; x_wconf 88' lang='lat' dir='ltr'><strong>placuit,</strong></span> <span class='ocrx_word' id='word_1_102' title='bbox 1325 1744 1407 1801; x_wconf 89' lang='lat' dir='ltr'><strong>ut</strong></span> <span class='ocrx_word' id='word_1_103' title='bbox 1431 1730 1537 1802; x_wconf 86' lang='lat' dir='ltr'><strong>his</strong></span> <span class='ocrx_word' id='word_1_104' title='bbox 1566 1729 1906 1826; x_wconf 65' lang='lat' dir='ltr'><strong>peraetis,</strong></span> <span class='ocrx_word' id='word_1_105' title='bbox 1945 1731 2196 1828; x_wconf 78' lang='lat' dir='ltr'><strong>Legati</strong></span> <span class='ocrx_word' id='word_1_106' title='bbox 2226 1734 2441 1808; x_wconf 86' lang='lat' dir='ltr'><strong>etiam</strong></span> <span class='ocrx_word' id='word_1_107' title='bbox 2477 1757 2658 1828; x_wconf 83' lang='lat' dir='ltr'><strong>prae-</strong></span> 
     </span>
     <span class='ocr_line' id='line_1_15' title="bbox 514 1831 2653 1923; baseline 0.003 -18"><span class='ocrx_word' id='word_1_108' title='bbox 514 1831 833 1906; x_wconf 81' lang='lat' dir='ltr'><strong>dicandae</strong></span> <span class='ocrx_word' id='word_1_109' title='bbox 860 1833 1056 1923; x_wconf 86' lang='lat' dir='ltr'><strong>pacis</strong></span> <span class='ocrx_word' id='word_1_110' title='bbox 1094 1847 1307 1922; x_wconf 86' lang='lat' dir='ltr'><strong>atque</strong></span> <span class='ocrx_word' id='word_1_111' title='bbox 1338 1833 1672 1921; x_wconf 84' lang='lat' dir='ltr'><strong>unitatis,</strong></span> <span class='ocrx_word' id='word_1_112' title='bbox 1709 1831 1850 1905; x_wconf 86' lang='lat' dir='ltr'><strong>fine</strong></span> <span class='ocrx_word' id='word_1_113' title='bbox 1882 1853 2018 1922; x_wconf 87' lang='lat' dir='ltr'><strong>qua</strong></span> <span class='ocrx_word' id='word_1_114' title='bbox 2051 1831 2226 1904; x_wconf 89' lang='lat' dir='ltr'><strong>salus</strong></span> <span class='ocrx_word' id='word_1_115' title='bbox 2251 1831 2653 1911; x_wconf 78' lang='lat' dir='ltr'><strong>Christiana</strong></span> 
     </span>
     <span class='ocr_line' id='line_1_16' title="bbox 513 1928 2656 2024; baseline 0.001 -17"><span class='ocrx_word' id='word_1_116' title='bbox 513 1953 669 2007; x_wconf 84' lang='lat' dir='ltr'><strong>non</strong></span> <span class='ocrx_word' id='word_1_117' title='bbox 701 1928 939 2020; x_wconf 87' lang='lat' dir='ltr'><strong>potest</strong></span> <span class='ocrx_word' id='word_1_118' title='bbox 970 1930 1327 2020; x_wconf 89' lang='lat' dir='ltr'><strong>obtineri,</strong></span> <span class='ocrx_word' id='word_1_119' title='bbox 1362 1950 1403 2001; x_wconf 93' lang='lat' dir='ltr'><strong>e</strong></span> <span class='ocrx_word' id='word_1_120' title='bbox 1424 1949 1726 2005; x_wconf 88' lang='lat' dir='ltr'><strong>numero</strong></span> <span class='ocrx_word' id='word_1_121' title='bbox 1753 1930 2001 2003; x_wconf 86' lang='lat' dir='ltr'><strong>nostro</strong></span> <span class='ocrx_word' id='word_1_122' title='bbox 2041 1933 2126 2004; x_wconf 87' lang='lat' dir='ltr'><strong>ad</strong></span> <span class='ocrx_word' id='word_1_123' title='bbox 2151 1931 2466 2024; x_wconf 89' lang='lat' dir='ltr'><strong>ipsorum</strong></span> <span class='ocrx_word' id='word_1_124' title='bbox 2485 1937 2656 2008; x_wconf 83' lang='lat' dir='ltr'><strong>Do-</strong></span> 
     </span>
     <span class='ocr_line' id='line_1_17' title="bbox 510 2028 2654 2130; baseline 0 -23"><span class='ocrx_word' id='word_1_125' title='bbox 510 2030 963 2120; x_wconf 85' lang='lat' dir='ltr'><strong>natistarum,</strong></span> <span class='ocrx_word' id='word_1_126' title='bbox 1018 2029 1165 2102; x_wconf 87' lang='lat' dir='ltr'><strong>five</strong></span> <span class='ocrx_word' id='word_1_127' title='bbox 1195 2049 1377 2120; x_wconf 88' lang='lat' dir='ltr'><strong>quos</strong></span> <span class='ocrx_word' id='word_1_128' title='bbox 1412 2029 1682 2102; x_wconf 90' lang='lat' dir='ltr'><strong>habent</strong></span> <span class='ocrx_word' id='word_1_129' title='bbox 1715 2028 2156 2125; x_wconf 85' lang='lat' dir='ltr'><strong>Episcopos,</strong></span> <span class='ocrx_word' id='word_1_130' title='bbox 2197 2031 2342 2104; x_wconf 82' lang='lat' dir='ltr'><strong>live</strong></span> <span class='ocrx_word' id='word_1_131' title='bbox 2375 2034 2462 2105; x_wconf 93' lang='lat' dir='ltr'><strong>ad</strong></span> <span class='ocrx_word' id='word_1_132' title='bbox 2503 2037 2654 2130; x_wconf 92' lang='lat' dir='ltr'><strong>ple-</strong></span> 
     </span>
     <span class='ocr_line' id='line_1_18' title="bbox 478 2131 2652 2224; baseline 0 -18"><span class='ocrx_word' id='word_1_133' title='bbox 478 2135 643 2206; x_wconf 79' lang='lat' dir='ltr'><strong>-bes</strong></span> <span class='ocrx_word' id='word_1_134' title='bbox 680 2132 1095 2220; x_wconf 81' lang='lat' dir='ltr'><strong>mittantur,</strong></span> <span class='ocrx_word' id='word_1_135' title='bbox 1149 2147 1277 2221; x_wconf 88' lang='lat' dir='ltr'><strong>per</strong></span> <span class='ocrx_word' id='word_1_136' title='bbox 1318 2149 1500 2217; x_wconf 86' lang='lat' dir='ltr'><strong>quos</strong></span> <span class='ocrx_word' id='word_1_137' title='bbox 1542 2131 1870 2203; x_wconf 87' lang='lat' dir='ltr'><strong>omnibus</strong></span> <span class='ocrx_word' id='word_1_138' title='bbox 1917 2131 1990 2202; x_wconf 90' lang='lat' dir='ltr'><strong>in</strong></span> <span class='ocrx_word' id='word_1_139' title='bbox 2038 2133 2370 2204; x_wconf 88' lang='lat' dir='ltr'><strong>notitiam</strong></span> <span class='ocrx_word' id='word_1_140' title='bbox 2411 2135 2652 2224; x_wconf 85' lang='lat' dir='ltr'><strong>perfe-</strong></span> 
     </span>
     <span class='ocr_line' id='line_1_19' title="bbox 510 2227 2645 2320; baseline 0.002 -16"><span class='ocrx_word' id='word_1_141' title='bbox 510 2245 754 2320; x_wconf 83' lang='lat' dir='ltr'><strong>ratur,</strong></span> <span class='ocrx_word' id='word_1_142' title='bbox 806 2249 1013 2319; x_wconf 88' lang='lat' dir='ltr'><strong>quam</strong></span> <span class='ocrx_word' id='word_1_143' title='bbox 1048 2229 1221 2301; x_wconf 88' lang='lat' dir='ltr'><strong>nihil</strong></span> <span class='ocrx_word' id='word_1_144' title='bbox 1256 2227 1604 2318; x_wconf 88' lang='lat' dir='ltr'><strong>habeant,</strong></span> <span class='ocrx_word' id='word_1_145' title='bbox 1658 2230 1852 2320; x_wconf 90' lang='lat' dir='ltr'><strong>quod</strong></span> <span class='ocrx_word' id='word_1_146' title='bbox 1888 2228 2220 2302; x_wconf 85' lang='lat' dir='ltr'><strong>adversus</strong></span> <span class='ocrx_word' id='word_1_147' title='bbox 2254 2227 2645 2309; x_wconf 75' lang='lat' dir='ltr'><strong>Ecclesiam</strong></span> 
     </span>
     <span class='ocr_line' id='line_1_20' title="bbox 512 2325 2647 2420; baseline 0.002 -19"><span class='ocrx_word' id='word_1_148' title='bbox 512 2330 967 2403; x_wconf 86' lang='lat' dir='ltr'><strong>Catholicam</strong></span> <span class='ocrx_word' id='word_1_149' title='bbox 1005 2326 1189 2420; x_wconf 87' lang='lat' dir='ltr'><strong>juste</strong></span> <span class='ocrx_word' id='word_1_150' title='bbox 1227 2325 1485 2419; x_wconf 87' lang='lat' dir='ltr'><strong>possint</strong></span> <span class='ocrx_word' id='word_1_151' title='bbox 1523 2330 1760 2400; x_wconf 83' lang='lat' dir='ltr'><strong>dicere</strong></span> <span class='ocrx_word' id='word_1_152' title='bbox 1793 2350 1812 2399; x_wconf 71' lang='grc' dir='ltr'><strong>ε</strong></span> <span class='ocrx_word' id='word_1_153' title='bbox 1881 2331 2184 2402; x_wconf 86' lang='lat' dir='ltr'><strong>maxime</strong></span> <span class='ocrx_word' id='word_1_154' title='bbox 2230 2344 2311 2401; x_wconf 92' lang='lat' dir='ltr'><strong>ut</strong></span> <span class='ocrx_word' id='word_1_155' title='bbox 2348 2333 2647 2406; x_wconf 87' lang='lat' dir='ltr'><strong>manife-</strong></span> 
     </span>
     <span class='ocr_line' id='line_1_21' title="bbox 509 2424 2647 2524; baseline 0 -21"><span class='ocrx_word' id='word_1_156' title='bbox 509 2429 691 2504; x_wconf 89' lang='lat' dir='ltr'><strong>stum</strong></span> <span class='ocrx_word' id='word_1_157' title='bbox 716 2427 841 2501; x_wconf 88' lang='lat' dir='ltr'><strong>fiat</strong></span> <span class='ocrx_word' id='word_1_158' title='bbox 866 2429 1199 2502; x_wconf 86' lang='lat' dir='ltr'><strong>omnibus</strong></span> <span class='ocrx_word' id='word_1_159' title='bbox 1234 2447 1361 2520; x_wconf 88' lang='lat' dir='ltr'><strong>per</strong></span> <span class='ocrx_word' id='word_1_160' title='bbox 1388 2424 1577 2522; x_wconf 89' lang='lat' dir='ltr'><strong>gesta</strong></span> <span class='ocrx_word' id='word_1_161' title='bbox 1607 2428 1817 2500; x_wconf 89' lang='lat' dir='ltr'><strong>etiam</strong></span> <span class='ocrx_word' id='word_1_162' title='bbox 1841 2430 2318 2522; x_wconf 87' lang='lat' dir='ltr'><strong>municipalia,</strong></span> <span class='ocrx_word' id='word_1_163' title='bbox 2337 2449 2647 2524; x_wconf 88' lang='lat' dir='ltr'><strong>propter</strong></span> 
     </span>
     <span class='ocr_line' id='line_1_22' title="bbox 510 2523 2645 2621; baseline 0.001 -19"><span class='ocrx_word' id='word_1_164' title='bbox 510 2531 1115 2602; x_wconf 87' lang='lat' dir='ltr'><strong>ducumentorum</strong></span> <span class='ocrx_word' id='word_1_165' title='bbox 1158 2523 1585 2620; x_wconf 86' lang='lat' dir='ltr'><strong>firmitatem,</strong></span> <span class='ocrx_word' id='word_1_166' title='bbox 1629 2528 1794 2617; x_wconf 89' lang='lat' dir='ltr'><strong>quid</strong></span> <span class='ocrx_word' id='word_1_167' title='bbox 1835 2527 1956 2621; x_wconf 91' lang='lat' dir='ltr'><strong>ips1</strong></span> <span class='ocrx_word' id='word_1_168' title='bbox 1994 2530 2083 2599; x_wconf 90' lang='lat' dir='ltr'><strong>de</strong></span> <span class='ocrx_word' id='word_1_169' title='bbox 2105 2526 2645 2605; x_wconf 85' lang='lat' dir='ltr'><strong>Maximianistis</strong></span> 
     </span>
     <span class='ocr_line' id='line_1_23' title="bbox 506 2625 2641 2722; baseline 0.001 -19"><span class='ocrx_word' id='word_1_170' title='bbox 506 2629 967 2703; x_wconf 86' lang='lat' dir='ltr'><strong>schismaticis</strong></span> <span class='ocrx_word' id='word_1_171' title='bbox 1012 2625 1147 2698; x_wconf 89' lang='lat' dir='ltr'><strong>suis</strong></span> <span class='ocrx_word' id='word_1_172' title='bbox 1190 2629 1484 2722; x_wconf 89' lang='lat' dir='ltr'><strong>egerint.</strong></span> <span class='ocrx_word' id='word_1_173' title='bbox 1588 2625 1736 2700; x_wconf 91' lang='lat' dir='ltr'><strong>Ubi</strong></span> <span class='ocrx_word' id='word_1_174' title='bbox 1775 2631 1876 2699; x_wconf 87' lang='lat' dir='ltr'><strong>eis</strong></span> <span class='ocrx_word' id='word_1_175' title='bbox 1913 2627 2254 2699; x_wconf 87' lang='lat' dir='ltr'><strong>divinitus</strong></span> <span class='ocrx_word' id='word_1_176' title='bbox 2294 2631 2641 2705; x_wconf 88' lang='lat' dir='ltr'><strong>monstra·</strong></span> 
     </span>
     <span class='ocr_line' id='line_1_24' title="bbox 508 2727 2637 2818; baseline 0.002 -19"><span class='ocrx_word' id='word_1_177' title='bbox 508 2745 672 2818; x_wconf 89' lang='lat' dir='ltr'><strong>tur,</strong></span> <span class='ocrx_word' id='word_1_178' title='bbox 724 2728 773 2805; x_wconf 85' lang='lat' dir='ltr'><strong>s1</strong></span> <span class='ocrx_word' id='word_1_179' title='bbox 808 2727 1181 2800; x_wconf 84' lang='lat' dir='ltr'><strong>attendere</strong></span> <span class='ocrx_word' id='word_1_180' title='bbox 1212 2728 1480 2818; x_wconf 89' lang='lat' dir='ltr'><strong>velint,</strong></span> <span class='ocrx_word' id='word_1_181' title='bbox 1506 2739 1662 2800; x_wconf 84' lang='lat' dir='ltr'><strong>tam</strong></span> <span class='ocrx_word' id='word_1_182' title='bbox 1697 2727 1943 2816; x_wconf 89' lang='lat' dir='ltr'><strong>inique</strong></span> <span class='ocrx_word' id='word_1_183' title='bbox 1974 2743 2149 2799; x_wconf 91' lang='lat' dir='ltr'><strong>tunc</strong></span> <span class='ocrx_word' id='word_1_184' title='bbox 2179 2727 2342 2798; x_wconf 88' lang='lat' dir='ltr'><strong>illos</strong></span> <span class='ocrx_word' id='word_1_185' title='bbox 2374 2733 2460 2802; x_wconf 89' lang='lat' dir='ltr'><strong>ab</strong></span> <span class='ocrx_word' id='word_1_186' title='bbox 2501 2729 2637 2804; x_wconf 85' lang='lat' dir='ltr'><strong>Ec·</strong></span> 
     </span>
    </p>
   </div>
   <div class='ocr_carea' id='block_1_3' title="bbox 428 2839 2728 4231">
    <p class='ocr_par' dir='ltr' id='par_1_4' title="bbox 428 2839 2728 4231">
     <span class='ocr_line' id='line_1_25' title="bbox 428 2839 2728 4231; baseline 0 0"><span class='ocrx_word' id='word_1_187' title='bbox 428 2839 2728 4231; x_wconf 95' lang='lat' dir='ltr'><strong> </strong></span> 
     </span>
    </p>
   </div>
  </div>
 </body>
</html>
