3200 4784
238 469 243 488 ,
284 397 358 485 246
469 346 865 467 subornaret
894 374 1103 470 Venerii

287 550 493 657 praebuiss'et
511 528 701 644 obsequia,
729 517 857 668 quibus
876 554 1025 670 negavit
1044 553 1171 628 aliena.
1207 544 1361 651 Junii-

287 674 347 733 tus
367 652 583 729 accesserant
602 653 732 745 maris,
757 654 828 744 jam
853 656 958 727 navis
978 668 1150 745 acceptos
1167 652 1359 749 Martyres

257 792 259 800 ·
288 759 450 832 vehebat
466 766 506 824 ut
521 765 711 869 mergeret,
764 750 828 825 Ast
844 754 906 826 ubi
923 754 1093 847 profundi
1110 756 1264 846 aequoris
1279 758 1360 829 alti·

287 858 451 931 tudinem
479 852 674 945 perniciter
696 853 891 944 introivit,
924 873 1001 926 non
1024 850 1166 949 segnius
1187 853 1360 930 satellites

287 956 417 1032 satanae
443 955 649 1027 celerabant
663 950 754 1061 julia
777 953 983 1045 complere,
1009 951 1198 1026 devindtos
1220 951 1361 1030 scilicet

268 1056 460 1146 -funibus,
495 1052 648 1125 &binas
670 1070 774 1124 orcas
801 1071 909 1125 arena
935 1052 1118 1126 consertas
1136 1053 1361 1148 singulorum

289 1155 495 1229 cervicibus
515 1151 737 1243 pedibusque
753 1149 962 1244 metientes,
980 1152 1176 1227 intervallo
1189 1174 1267 1227 non
1283 1176 1364 1248 mm

250 1310 254 1321 .
290 1255 375 1329 dico
400 1255 443 1325 ab
467 1251 624 1324 invicem
648 1247 830 1343 ¹separatos
854 1251 1084 1348 demergente
1114 1248 1280 1345 pondere
1308 1254 1361 1327 di·

288 1353 471 1431 miserunt.
525 1353 631 1449 Quos
652 1350 728 1424 srnu
743 1353 891 1447 pelagus
915 1350 1100 1446 projedlos
1123 1365 1165 1425 ut
1190 1354 1362 1449 agnovit,

239 1495 241 1498 <
290 1454 472 1527 continuo
500 1449 592 1543 quast
619 1449 767 1541 fiammis
794 1463 915 1526 toturn
944 1450 1144 1524 coelestibus
1171 1466 1360 1546 ureretur,

290 1549 532 1628 sacrosandlos
550 1564 647 1622 artus
664 1564 790 1622 tenere
808 1570 886 1625 non
903 1554 1043 1641 potuit:
1069 1549 1128 1627 sed
1144 1554 1362 1629 convolutis

291 1653 455 1727 deorsum
472 1646 620 1742 desuper
634 1646 814 1742 fludtibus,
829 1650 874 1723 ad
888 1648 1062 1745 ejicienda
1072 1671 1229 1743 corpora
1241 1652 1365 1726 detru-

290 1752 344 1830 sas
358 1771 480 1823 arenas
493 1748 654 1822 funditus
669 1749 876 1840 abradebat,
893 1748 1066 1824 &abimo
1078 1750 1193 1823 fundo
1205 1752 1248 1824 ad
1260 1748 1363 1846 supe·
1365 1780 1374 1787 ·

291 1854 389 1926 riora
410 1865 509 1944 terga
526 1847 737 1922 subvertens
758 1850 862 1923 undis
880 1849 1116 1924 resilientibus
1132 1855 1363 1929 removebat.

291 1950 554 2046 Mergebantur
575 1946 772 2021 scrutantes
787 1947 915 2023 fludius
930 1950 975 2044 de
994 1949 1133 2024 summis
1149 1953 1302 2024 cumulis
1319 1951 1365 2027 ad

251 2100 253 2105 -
292 2048 468 2125 inferiora
487 2047 655 2141 rapienda
671 2046 800 2120 vasto
791 2063 930 2141 impetu
946 2048 1203 2139 descendentes
1221 2051 1266 2123 ad
1283 2050 1364 2125 fun·

264 2210 266 2214 .
294 2150 400 2238 dum,
439 2148 471 2221 dr
489 2146 740 2263 tempestiuum
756 2162 853 2222 mare
872 2147 916 2222 de
931 2125 1163 2222 inferioribus
1181 2148 1365 2242 repulsum

295 2246 420 2345 egesto
447 2246 585 2340 potiori
613 2247 740 2319 iterum
769 2245 948 2321 citabatur
973 2250 1173 2339 parturiens
1202 2250 1365 2325 membra

294 2347 520 2439 ianitorum,
547 2346 668 2420 donec
687 2347 890 2440 impulsrbus
908 2347 1038 2444 rapidis
1057 2347 1230 2422 undarum
1251 2350 1364 2422 turbo

295 2446 480 2542 depressos
514 2462 610 2520 artus
636 2447 807 2540 extulit,
842 2445 1103 2521 &immensum
1130 2447 1275 2540 pondus
1300 2451 1366 2522 'eli-

296 2559 420 2630 ciens,
445 2549 660 2641 corporibus
680 2550 789 2640 raptis
808 2547 926 2623 vidior
939 2548 1083 2620 tandem
1099 2545 1225 2620 iludtus
1239 2549 1364 2627 evasrt.

294 2646 539 2744 Erigebantur
554 2647 708 2741 proinde
723 2650 921 2722 violentius
939 2651 1069 2722 cumuli
1085 2646 1241 2721 solidatis
1258 2668 1366 2740 aqua·

296 2769 375 2822 rum
402 2749 587 2821 montibus
609 2750 764 2842 elevati,
796 2762 838 2821 ut
860 2750 1049 2844 congeries
1071 2750 1293 2843 conglobata
1314 2749 1366 2822 se·

298 2850 419 2920 curius
444 2846 596 2919 onerosa
616 2851 773 2920 membra
790 2846 1031 2940 subveheret,
1057 2869 1104 2921 ne
1121 2846 1215 2919 vitta
1232 2850 1367 2924 iterum
1405 2894 1407 2909 ·

297 2945 542 3036 laborassent,
565 2946 598 3018 dt
623 2945 684 3019 sub
706 2949 867 3022 adunatis
889 2946 1221 3039 undiquilmolibus
1246 2942 1367 3067 pelagi

297 3044 390 3121 faita
408 3043 585 3118 testudine'
597 3048 779 3145 pugnabat
795 3047 891 3120 unda
909 3067 991 3119 curn
1008 3047 1185 3139 pondere,
1199 3068 1246 3120 ne
1261 3049 1368 3122 oneri

298 3146 470 3219 violento
485 3144 603 3215 valida
620 3148 723 3219 maris
738 3161 870 3220 terram
888 3148 1120 3240 contingeret
1133 3148 1283 3240 aperire.

375 3242 445 3316 Sed
470 3244 586 3317 adbuc
610 3244 764 3319 restabat
786 3245 931 3318 alterius
955 3245 1088 3318 laboris
1114 3266 1207 3338 opus
1232 3245 1370 3321 scilicet

233 3424 236 3431 ,
301 3343 336 3418 dt
353 3363 553 3432 conamen,
580 3357 622 3416 ut
639 3346 834 3418 intervallo
851 3343 995 3418 infinito
1012 3343 1213 3418 discretos
1203 3367 1239 3421 rn
1256 3367 1370 3421 unum

301 3447 412 3524 celeri
437 3445 722 3539 congregatione
750 3446 958 3543 colligeret,
985 3465 1033 3517 ne
1058 3447 1210 3520 alienum
1231 3445 1371 3519 sacrile-

300 3548 399 3641 glum
425 3544 500 3637 ejus
527 3544 752 3663 negligentiae
784 3558 999 3622 remaneret
1060 3546 1254 3620 Ducebant
1282 3544 1371 3615 hinc

301 3664 421 3758 aque,
448 3646 533 3718 hinc
554 3646 702 3760 geminis
719 3645 889 3721 cornibus
906 3647 1092 3720 volumina
1112 3640 1302 3730 sinuantia,
1332 3640 1369 3714 dc

301 3744 378 3833 p'ari
399 3742 536 3816 sibimet
557 3744 721 3818 coitione
738 3742 907 3820 subsedia
926 3764 1086 3840 corpora
1101 3740 1326 3818 comminus
1317 3761 1372 3812 rn-

248 3880 253 3890 ι
301 3840 435 3915 hiabat
469 3844 544 3936 Jam
568 3845 747 3918 venientis
767 3844 936 3919 occursus
956 3868 1001 3918 ex
1019 3859 1172 3934 utraque
1191 3858 1371 3918 cornuum

302 3940 470 4013 breviare
490 3959 643 4035 coeperat
662 3945 839 4039 medium,
857 3945 1056 4036 &utraque
1071 3960 1136 4036 per
1150 3952 1270 4034 partes
1286 3961 1371 4031 pro·

301 4040 525 4146 pinquante,
554 4059 743 4124 conventu
769 4045 814 4123 de
838 4044 1020 4125 intervalli
1037 4041 1373 4216 longitudogdecre·

1240 4162 1329 4216 cens
