3200 4784
331 430 333 434 ·
407 355 900 479 oeDouarrar‘x'xou
923 395 1180 480 Hrsaoxrx.
1226 430 1335 506 ·57³

258 566 337 661 lem
354 565 421 638 illis
437 560 597 656 obiecta,
623 563 684 637 ubi
700 560 734 634 ἂ
749 559 783 634 se
801 559 952 653 uilloc,
979 561 1107 652 quibua
1124 564 1336 646 dilationem

263 665 513 756 decertante
525 661 771 737 Maximiniani
788 658 974 732 schismate
988 661 1125 752 posrtos
1142 664 1176 737 in
1193 667 1338 742 damna·

262 768 371 838 tione
397 762 557 854 ejusdem
580 761 745 836 Primiani
769 758 886 831 socios
907 771 1026 832 temen
1047 761 1139 834 illius
1160 771 1336 864 contagio

265 865 438 939 dixerunt
456 880 531 934 noo
555 859 630 934 else.
641 861 826 955 pollutos,
853 858 911 948 qui
930 854 1106 932 Caeciliani
1127 864 1336 941 criminibus

266 964 397 1036 orbem
418 957 655 1035 Christianum
677 979 791 1051 usque
812 957 855 1029 ad
880 961 1052 1032 terminos
1071 973 1174 1034 terrae
1195 965 1337 1057 periisse

266 1058 548 1136 contenderent
1342 1101 1349 1117 ·

346 1162 423 1254 cap.
442 1161 492 1233 X.
520 1157 578 1230 Ad
599 1157 674 1230 haec
693 1152 893 1229 Donatistae
912 1174 993 1230 cum
1012 1157 1222 1233 validisfimis
1242 1161 1336 1238 Scri·

265 1273 453 1357 pturarum
475 1256 701 1330 documentis
721 1253 940 1346 &exemplo
960 1253 1023 1327 suo
1048 1257 1093 1330 de
1110 1259 1335 1337 Maximiani·

265 1357 328 1432 siis
347 1356 566 1451 respondere
580 1375 654 1428 non
672 1353 848 1448 pollent„
863 1354 907 1426 ad
922 1353 1028 1446 illud,
1055 1358 1234 1448 quodiam
1253 1382 1335 1453 per.

269 1457 385 1531 adium
397 1454 534 1548 suerat,
560 1454 743 1528 redierunt
756 1455 937 1544 dicentes,
965 1455 1133 1528 mundum
1148 1478 1222 1531 non
1239 1461 1333 1537 bene

268 1555 419 1651 intelligi
430 1552 683 1646 Ecclesiam,in
694 1573 762 1643 qua
773 1551 871 1626 srmul
887 1554 1043 1625 triticum
1055 1553 1232 1630 &zizania
1245 1559 1334 1653 julia

268 1655 352 1730 sunt
364 1652 545 1742 crescere,
572 1672 652 1725 cum
668 1648 847 1726 Catholici
864 1651 898 1723 dt
916 1665 976 1723 tot
994 1651 1192 1728 testimonia
1211 1659 1334 1734 divina

263 1757 339 1847 jam
363 1749 721 1842 commemorassent,
755 1750 882 1842 quibus
908 1749 1159 1825 ostenderetur
1181 1761 1335 1833 mundus

270 1855 378 1926 etiam
400 1853 437 1924 in
456 1855 554 1923 bona
571 1848 831 1946 significatione
851 1848 1007 1942 positus,
1034 1851 1119 1923 &ln
1136 1875 1177 1926 ea
1194 1858 1333 1933 nonnisi

267 1950 429 2025 Ecclesia
452 1947 569 2043 pollet
594 1949 769 2044 intelligi,
801 1948 834 2021 dr
861 1949 1139 2039 quomodolibet
1158 1960 1337 2047 accipere·

271 2066 332 2124 tur
352 2051 528 2142 mundus,
559 2049 703 2140 quando
725 2063 915 2140 utrumque
938 2046 1056 2122 semen
1079 2071 1143 2141 per
1162 2058 1348 2133 mundum

268 2150 460 2240 cresceret,
474 2169 548 2222 non
562 2150 692 2222 debere
704 2161 856 2242 propter
867 2149 1002 2222 zizania
1013 2150 1125 2224 totiut
1137 2155 1256 2225 mundi
1272 2157 1335 2226 tri·

220 2308 222 2319 ,
272 2251 384 2323 ticum
406 2249 528 2322 deseri.
581 2246 671 2322 Cum
692 2269 779 2344 ergo
799 2249 874 2322 haec
896 2248 966 2339 iam
994 2247 1084 2321 diua
1108 2247 1273 2343 fuissent,
1301 2253 1337 2327 dt

273 2346 420 2438 quaestio
441 2347 512 2441 ipsa
529 2350 599 2440 jam
619 2350 807 2422 terminata
827 2347 1032 2437 videretur,
1058 2346 1101 2417 ad
1119 2369 1196 2420 eam
1217 2351 1335 2426 rursus

272 2446 403 2520 summa
419 2449 540 2539 inopia
558 2448 766 2535 redierunt,
793 2446 915 2517 eadem
937 2465 1001 2537 per
1023 2444 1146 2518 eadem
1162 2451 1339 2539 replican-

273 2562 343 2638 tes,
359 2561 573 2636 querentes,
595 2543 784 2635 quomodo
800 2542 962 2632 potuerit
977 2541 1143 2639 diabolus
1157 2545 1193 2619 iu
1214 2545 1338 2622 Eccle-

272 2647 318 2719 sra
334 2644 503 2717 seminare
518 2644 666 2713 zizania.
695 2640 838 2713 Deinde
852 2642 1121 2724 calumniantes,
1136 2647 1233 2732 quod
1249 2650 1336 2723 duae

273 2740 449 2813 Ecclesras
468 2739 648 2813 Catholici
672 2739 853 2830 dixerint,
886 2760 1015 2829 unam,
1043 2760 1120 2831 quae
1139 2763 1235 2816 nunc
1256 2767 1339 2838 per.

273 2841 408 2915 mixtos
422 2840 530 2911 habet
549 2841 682 2928 malos,
707 2839 829 2929 aliam,
857 2857 934 2928 quae
949 2836 1029 2931 post
1045 2837 1338 2922 resurrectionem

276 2961 341 3013 eos
368 2959 443 3010 non
468 2937 554 3033 ellet
574 2938 762 3031 habitura,
794 2938 911 3009 veluti
934 2957 1012 3010 uon
1034 2938 1140 3012 iidem
1161 2941 1270 3016 futuri
1288 2944 1339 3019 es·

274 3039 354 3112 sent
372 3037 476 3111 sancti
496 3059 577 3111 curn
594 3035 735 3109 Christo
754 3040 955 3135 regnaturi,
981 3039 1039 3130 qui
1058 3059 1153 3111 nunc
1174 3062 1241 3134 pro
1259 3048 1337 3136 ejus

275 3139 549 3227 nomine,-·cum
560 3134 651 3228 juste
665 3136 819 3228 vivunt,
839 3136 1134 3213 tolerantmaloa
1187 3141 1243 3214 Ad
1260 3145 1339 3218 haec

276 3235 457 3310 Catholici
483 3235 770 3329 responderunt,
796 3236 904 3307 etlam
925 3233 1020 3328 ipsos
1040 3237 1111 3328 jam
1129 3236 1229 3321 fuisse
1249 3263 1339 3318 con·

275 3335 407 3426 fessos,
427 3332 495 3407 else
513 3339 548 3407 in
561 3333 717 3406 Ecclefia
733 3337 792 3406 vel
808 3335 976 3407 occultoa
990 3338 1126 3422 malost
1145 3339 1339 3419 &vicislim

276 3434 510 3526 quaesrerunt,
539 3435 726 3526 quomodo
746 3453 811 3506 eoa
827 3433 863 3505 io
883 3429 1037 3507 Ecclesra
1054 3437 1215 3509 diabolus
1240 3439 1341 3514 serni·

276 3534 442 3624 neverit,
466 3534 562 3624 quod
579 3535 650 3624 illi,
671 3532 764 3624 quasa
783 3529 861 3604 fieri
876 3551 951 3604 non
969 3531 1104 3625 pulset,
1131 3535 1176 3606 de
1192 3540 1340 3617 zizaniia

273 3634 515 3725 requirebant.
541 3631 898 3725 Repetieruntetiam
908 3629 1085 3705 Catholici
1098 3634 1361 3724 testimonium,

277 3731 468 3826 Cypriani,
488 3731 548 3822 qui
560 3732 709 3804 eandem
719 3729 973 3826 Evangelicam
985 3730 1243 3808 hmilitudinem
1262 3759 1341 3816 non

279 3833 381 3906 aliter
399 3828 598 3921 intellexit,
624 3850 728 3921 quarn
739 3844 785 3901 ¹ut
800 3833 838 3902 in
855 3826 1011 3905 Ecclesia
1028 3833 1181 3910 diceret,
1201 3835 1340 3914 azaria

280 3950 349 4002 nec
363 3933 500 4012 latere,
527 3929 584 4001 sed
601 3930 719 4018 cerni3
753 3942 882 4002 contra
906 3931 1003 4018 quod
1027 3930 1265 4008 testimonium
1287 3936 1341 4011 illl

219 4080 253 4097 S
279 4029 430 4119 omnino
456 4028 557 4106 nihil·
570 4027 640 4106 auli
658 4025 807 4105 suerunt
825 4025 1063 4127 respondere,
1090 4052 1170 4110 cum
1190 4031 1343 4108 authori·

1179 4145 1309 4199 tatem
