3200 4784
606 413 759 530 Lunna·
786 381 1024 507 conannas
1114 395 1123 408 ’

1295 423 1343 508 77

273 597 322 655 an
344 570 564 651 concesserit
589 589 701 669 pater.
751 574 839 650 Hoc
860 572 1012 669 Spiritus
1035 566 1181 648 Statius
1204 575 1339 653 indicat

272 679 309 752 dc
324 673 527 750 manifestat
542 676 580 748 in
594 673 732 750 Psalmo
742 672 873 748 XLIV.
890 674 951 748 ubi
965 675 1014 747 ait
1029 675 1197 766 adipsum
1212 673 1339 770 sisium,

282 781 389 871 Unger
401 792 434 848 te
452 782 609 847 Dominus
626 781 717 846 Deus
733 791 807 844 anus
822 775 883 846 asco
898 775 1108 844 exultationis
1122 775 1219 846 aliter
1233 802 1252 846 a
1266 799 1340 874 con.

271 877 413 967 [aniius
428 880 507 945 auis,
564 871 762 947 Consortes
780 870 924 945 fuerant
940 874 1144 967 Judaeorum
1163 871 1339 950 Sacerdo-

274 992 336 1051 tes
351 974 389 1048 dt
396 974 530 1070 Reges,
546 994 638 1066 quos
654 974 811 1068 srngusos
828 970 954 1046 unctos
971 973 1015 1043 ab
1031 973 1233 1045 hominibus
1249 995 1339 1050 con·

277 1072 357 1150 stat.
406 1075 478 1147 Sed
493 1074 576 1165 quia
589 1070 681 1145 filius
699 1093 721 1144 a
738 1087 864 1164 patre,
892 1071 990 1144 Deus
1006 1069 1031 1142 'a
1047 1069 1155 1159 Deo,
1181 1090 1257 1146 erat
1273 1096 1340 1149 un·

274 1172 437 1271 geadua,
477 1170 668 1246 secundum
694 1169 793 1261 quod
817 1167 911 1242 filius
933 1170 1061 1262 petiit,
1096 1168 1233 1262 spiritua
1253 1193 1345 1264 pro·

274 1269 375 1348 misia
392 1274 593 1358 nuntiavit,
619 1270 870 1361 &complevit
882 1281 984 1362 pater
998 1272 1033 1342 in
1044 1269 1222 1363 jordane:
1249 1285 1339 1366 quo,

273 1387 358 1447 eum
378 1369 530 1445 venisset
551 1367 645 1442 filius
668 1365 761 1461 Dei,
794 1368 952 1441 salvator
978 1367 1121 1460 noster,
1155 1371 1339 1464 ajoanna

275 1469 437 1545 ostensus
455 1468 507 1544 est
524 1472 578 1544 his
596 1469 740 1541 verbis:
769 1467 848 1540 Ecce
862 1471 972 1561 Agnus
988 1471 1064 1540 Dei.
1121 1472 1184 1538 Hic
1201 1470 1257 1564 est,
1282 1474 1340 1569 qai

275 1574 360 1644 rodit
370 1572 629 1667 pecatamundi.
662 1564 858 1640 Descendit
869 1573 906 1640 in
920 1587 1066 1660 aquam,
1080 1587 1155 1641 nan
1169 1572 1249 1659 quia
1262 1582 1342 1654 erat

276 1672 426 1763 quadiu
441 1669 525 1743 Deo
543 1666 787 1760 mundaretur,
807 1665 867 1741 sed
879 1666 981 1759 snper
994 1681 1187 1742 venturum
1201 1670 1340 1765 uieum,

266 1766 1216 1961 *arstrsibsiisiiisiiatradideritis
1230 1771 1340 1964 soi?

277 1969 334 2041 uis
349 1963 512 2040 manibus
525 1957 737 2058 haberetur,
762 1966 902 2038 secutus
922 1963 973 2040 est
992 1965 1086 2038 ordo
1103 1966 1280 2062 mysterii,
1302 1969 1339 2044 dc

277 2064 482 2160 complevit
497 2080 616 2159 pater,
634 2067 733 2158 quod
745 2080 939 2163 rogaverat
950 2061 1069 2158 finus,
1087 2065 1121 2138 ἀ
1137 2069 1235 2158 quod
1248 2090 1340 2143 nun·

274 2169 435 2238 navent
459 2163 609 2258 Spiritus
636 2161 794 2240 sanum.
841 2163 1020 2259 Apertum
1041 2162 1091 2237 est
1111 2169 1236 2241 coeium
1254 2168 1340 2244 Deo

274 2279 381 2358 patre
398 2278 577 2360 ungente,
610 2262 761 2360 spiritale
780 2265 901 2338 oleum
920 2263 1036 2338 statim
1053 2265 1089 2338 in
1107 2266 1257 2362 imagine
1277 2289 1341 2342 co·

273 2366 406 2438 lumba
424 2363 628 2450 descendit,
663 2364 697 2437 dt
720 2362 848 2437 insedit
872 2365 979 2458 capiti
1001 2363 1098 2455 ejua'‚
1130 2365 1340 2458 &perfudit

273 2484 381 2555 eum,
414 2463 509 2537 unde
533 2465 642 2558 coepit
665 2463 735 2536 dici
758 2461 939 2555 Christus,
970 2462 1115 2553 quando
1137 2463 1261 2536 nntius
1287 2464 1339 2540 est

274 2562 395 2636 aDeo
414 2578 526 2656 patre.
579 2560 645 2635 Cui
662 2584 708 2635 ne
723 2583 848 2637 manus
871 2561 1052 2654 impositio
1072 2560 1219 2634 defuisse
1238 2565 1339 2637 vide·

272 2673 399 2753 retur„
424 2675 504 2736 'vox
527 2662 647 2735 audita
666 2661 716 2733 est
730 2663 802 2734 Dei
826 2662 871 2734 de
893 2662 990 2733 nube
1010 2659 1180 2734 dicentis:
1218 2665 1282 2732 Hic
1297 2663 1339 2758 eps

264 2763 364 2855 fissus
382 2786 467 2852 meur
476 2809 488 2841 ,
505 2764 541 2832 dc
555 2785 615 2858 qua
631 2762 706 2831 berae
719 2762 817 2859 serapi,
843 2760 928 2829 nunc
939 2759 1057 2839 audire.
1108 2759 1194 2832 Hoc
1211 2760 1261 2834 est
1275 2764 1340 2861 igi·

275 2873 335 2934 tur
360 2861 458 2953 quod
480 2859 610 2933 lustum
636 2856 710 2930 est:
750 2861 860 2928 Oleum
881 2863 1049 2953 peccaturis
1074 2881 1140 2928 nan
1164 2880 1261 2954 ungat
1288 2889 1339 2934 ca·

258 2977 334 3058 'put
357 2984 464 3031 meum.
524 2957 719 3032 Rationem
741 2960 927 3047 veritatis,
962 2955 1072 3030 frate'r
1094 2957 1338 3055 Parmenione,

273 3061 335 3133 vel
356 3058 436 3133 sero
456 3056 613 3149 addisce,
646 3059 1088 3153 quoniamnunctempnu
1105 3060 1271 3134 invenisti
1289 3063 1341 3136 di·

274 3157 406 3232 scendi.
1067 3208 1069 3212 -

353 3264 385 3334 8.
410 3253 460 3328 Et
486 3258 572 3331 illud
595 3257 694 3351 quod
718 3257 755 3331 in
776 3254 975 3331 Salomone
998 3253 1181 3353 Propheta
1209 3258 1340 3338 ledum

276 3350 347 3429 esse
370 3351 503 3428 dixisti:
540 3358 636 3430 Filios
658 3359 872 3430 adulterorum
897 3359 1178 3445 inconsummata,
1215 3357 1254 3434 U
1265 3359 1340 3452 spu·

275 3461 328 3527 ria
348 3448 545 3525 vitulamina
563 3461 647 3528 astar
669 3461 786 3528 radices
805 3460 879 3527 dare
895 3483 963 3528 nan
977 3455 1074 3554 pff:
1112 3458 1185 3530 hoc
1206 3456 1238 3528 ἅ
1264 3457 1340 3530 srm-

273 3554 418 3647 piiciter
435 3549 565 3628 dissum
582 3553 651 3627 esse
668 3555 816 3651 intelligi
835 3556 965 3648 potest.
1016 3556 1126 3628 Unde
1148 3556 1170 3627 sr
1191 3554 1340 3648 signram

271 3653 401 3732 facias,
428 3670 538 3724 veros
560 3651 741 3728 adulteros
760 3652 942 3728 excusasti.
990 3650 1059 3727 Sed
1082 3652 1161 3744 fac,
1187 3669 1229 3726 ut
1249 3652 1340 3748 figu.

273 3754 396 3825 taliter
410 3749 541 3824 dicium
559 3748 622 3822 srtr
653 3753 726 3824 hoc
742 3752 787 3825 de
801 3752 979 3840 hereticis
998 3751 1128 3825 dissum
1145 3750 1214 3835 est,
1243 3753 1340 3847 apud

273 3871 366 3942 quos
379 3848 468 3923 'sunt
487 3846 789 3924 sacramentorum
807 3851 890 3923 sassa
908 3854 1112 3928 connubia:
1140 3851 1172 3924 dr
1191 3843 1234 3923 in'
1247 3873 1340 3942 quo·

268 3955 351 4035 ium
370 3949 490 4022 choris
515 3947 683 4039 iniquitas
704 3949 909 4022 inveru‘tur:
944 3951 1003 4022 ubi
1024 3950 1061 4022 in
1083 3951 1338 4030 exterminium

233 4151 240 4160 ι
271 4045 358 4125 fidei
379 4064 551 4146 corrupta
572 4045 654 4139 sunt
672 4045 818 4128 semna.
867 4046 965 4126 Tum
986 4047 1201 4216 Vdeptinus
1224 4045 1356 4216 Qu
