3200 4784
315 467 318 476 ,
373 397 1196 516 naDouarrt'raauulitsroata.
1272 426 1343 502 ²13

275 568 418 659 debuit,
446 526 617 658 quantum
632 545 821 668 prud'e'ntia
837 566 972 658 valuit,
999 577 1110 659 prout
1124 536 1259 668 puritas
1273 587 1343 660 po·

271 671 364 758 tuit,
391 665 542 740 tentasse
560 690 619 740 ane
638 688 703 758 per
727 668 848 738 omnia
870 666 1099 737 humanitatis
1122 649 1341 741 &modera-

271 770 381 844 tionis
402 764 520 842 officia
539 769 676 858 optime
701 764 817 854 scitis,
851 779 893 834 ut
911 767 994 852 juxt
995 788 1014 835 a
1036 763 1232 880 magisteria
1251 767 1339 864 legis
1387 800 1390 806 ’

270 868 422 953 nostru,
453 887 536 959 pax
534 867 605 938 illa
621 864 828 938 santlissimae
849 857 1130 943 fraternitatis,
1134 866 1242 957 qu'us
1261 887 1338 963 gra·

269 969 356 1039 tiam
371 966 470 1038 Deus
489 964 639 1038 summus
656 965 872 1037 famulorum
888 961 1031 1038 suorum
1050 962 1281 1056 pedoribus
1272 988 1336 1041 rm·

271 1065 433 1156 miscuit,
458 1063 608 1137 stabilita
631 1072 696 1157 per
717 1083 863 1136 omnem
884 1065 1118 1137 concordiam
1139 1078 1336 1140 teneretur.

271 1164 342 1237 Sed
361 1165 441 1256 quia
462 1165 535 1236 virn
552 1166 646 1236 illam
667 1163 807 1235 sceleris
823 1162 924 1235 inlust
939 1182 1134 1257 paucorum
1155 1166 1241 1237 licet
1260 1164 1337 1239 sert·

269 1263 362 1337 srbus
372 1263 610 1355 pervicaciter
621 1251 876 1335 inhaerentem
867 1264 1081 1335 intentionis
1098 1262 1227 1336 nostrae
1240 1266 1335 1339 ratio

268 1384 345 1436 non
364 1364 487 1479 potuit
503 1366 698 1452 edomare,
703 1362 853 1433 favente
867 1362 1052 1435 adhucsrbi
1066 1365 1149 1436 huic
1166 1365 1336 1455 nequitie

220 1475 227 1492 ·
268 1464 495 1578 patrocinio,
526 1478 569 1534 ut
591 1463 802 1553 extorqueri
824 1462 884 1533 fibi
904 1463 1157 1554 omninonou
1162 1464 1333 1557 sinerent,

267 1564 402 1654 inquo
427 1562 461 1635 se
487 1561 692 1653 delinquilse
710 1560 919 1656 gauderent
970 1545 1205 1653 Spestandum
1224 1563 1352 1638 nobis‘

267 1660 333 1752 est,
351 1662 433 1733 dum
450 1676 570 1735 toturn
587 1663 660 1733 hoc
677 1680 890 1754 perpaucos
907 1659 1031 1744 sedit,
1023 1682 1059 1733 ιιι
1071 1663 1334 1755 populumom·
1383 1668 1385 1680 '

266 1762 469 1851 nipotentis
500 1762 568 1832 Dei
597 1758 836 1836 misericordia
861 1760 1054 1855 mitigetur.
1096 1760 1205 1842 Inde
1235 1765 1333 1856 enirn

267 1861 463 1931 remedium
484 1857 637 1949 speuare
661 1861 852 1951 debemus,
879 1881 960 1932 cum
983 1862 1102 1932 omnia
1121 1863 1220 1933 buna
1238 1877 1353 1948 vota,

268 1957 303 2028 dr
327 1955 417 2046 fasta
439 1957 655 2033 referuntur.
713 1960 852 2031 Verum
880 1973 955 2045 tum¹
979 1959 1129 2033 coelestis
1153 1962 1332 2036 medicina

265 2056 467 2149 procedat,
499 2056 668 2132 haetenus
690 2054 770 2130 sunt
793 2057 939 2130 consilia
958 2058 1079 2132 nostra
1097 2055 1343 2153 moderanda,

265 2171 308 2227 ut
322 2157 492 2247 patientia
502 2157 784 2250 percolamus&
796 2158 964 2249 quidquid
979 2158 1174 2250 insolentia¹
1185 2155 1331 2259 illorum

265 2276 335 2347 pro
362 2254 620 2329 consuetudine
652 2259 933 2348 intemperantia
962 2257 1028 2331 suae
1054 2272 1196 2332 tentant
1222 2260 1255 2332 dr
1280 2261 1332 2332 fa·

265 2358 386 2446 ciunt,
404 2357 438 2427 id
455 2370 574 2430 totum
591 2359 855 2473 tranquillitatis
869 2361 1007 2429 uirtute
1023 2361 1232 2431 toleremus.
1264 2358 1315 2430 N
1307 2360 1331 2415 '-

265 2453 316 2524 hil
343 2476 402 2525 ex
408 2458 600 2548 reciproco
624 2470 824 2548 reponatur
842 2457 995 2547 injuriae:
1023 2457 1215 2530 vinditlam
1233 2460 1346 2570 euim¹

262 2572 369 2646 quam
392 2554 475 2627 Deo
501 2554 642 2627 servare
669 2554 861 2640 debemus,
887 2555 1082 2645 insipientis
1099 2556 1150 2628 est
1167 2557 1329 2628 manibus

265 2652 450 2746 usurpare.
470 2657 623 2727 maxime
641 2675 721 2726 cum
740 2656 870 2733 debeat
886 2652 975 2726 fides
992 2653 1113 2727 nostra
1128 2651 1329 2769 corisrdera,

264 2752 448 2841 quidquid
463 2756 506 2825 ab
540 2752 744 2842 huiusmodi
777 2754 962 2825 hominum
991 2754 1117 2826 surore
1148 2756 1327 2848 patietur,
1356 2838 1359 2846 Ι

262 2850 430 2941 Martyrii
444 2852 556 2965 gratia
574 2778 666 2943 aqud
683 2839 804 2925 u'eum
822 2850 890 2924 esse
908 2854 1109 2926 valiturum.
1163 2854 1261 2951 Quid
1276 2852 1328 2927 est
1397 2926 1401 2930 .

265 2948 360 3019 enirn
394 2948 530 3021 aliud
520 2971 556 3021 ιιι
582 2951 654 3022 hoc
686 2951 840 3022 seculo
831 2971 868 3023 m
893 2952 1041 3024 nornine
1067 2951 1137 3025 Dei
1163 2954 1330 3048 vincere,

265 3067 371 3137 quam
405 3049 571 3121 incendit
558 3064 615 3121 tos
656 3049 843 3123 hominurn
880 3054 1033 3143 impetus
1073 3052 1201 3143 quietae
1240 3054 1329 3148 legis
1400 3130 1403 3139 ,

264 3148 439 3240 pupulum
473 3147 704 3241 lacessentes,
739 3150 918 3221 constanti
951 3149 1097 3241 penore
1131 3148 1328 3223 sustinere?

266 3245 405 3343 Quodsi
426 3246 677 3322 observaverit
700 3248 818 3323 vestra
834 3250 1038 3341 sinceritas,
1064 3253 1140 3321 cito
1159 3233 1328 3322 videbitis

219 3431 221 3436 Ι
264 3366 329 3436 per
354 3347 498 3438 gratiam
523 3350 663 3422 summat
687 3348 926 3438 Divinitatis‚
960 3363 1001 3420 ut
1004 3348 1328 3445 languescentrbus

264 3465 391 3515 eorum
416 3445 582 3517 institutis
606 3449 868 3538 vernonum,
882 3450 952 3537 qui
971 3445 1006 3519 se
1023 3448 1225 3521 miserrimae
1241 3468 1326 3519 cou-

264 3544 440 3617 tentionis
464 3547 669 3619 vexillarios
687 3550 870 3638 praebent,
897 3545 1008 3624 stiant
1025 3567 1150 3620 omnes
1173 3567 1250 3620 non
1267 3548 1326 3618 de-

265 3643 353 3715 bere
380 3642 413 3714 se
439 3665 634 3736 paucorum
657 3645 882 3760 persuastone
903 3639 1094 3738 pereuntes
1110 3644 1326 3735 sempiterno

264 3742 340 3811 leto
360 3742 462 3821 dare
494 3766 566 3836 quo
583 3744 713 3838 possint
727 3747 947 3838 poenitentiae
962 3746 1073 3839 gratia
1089 3743 1224 3836 semper
1240 3746 1326 3817 vitae

263 3839 1060 3938 arternaecorrediserroribussuisintegrari.
1085 3843 1330 3918 Valetevot'o

263 3941 445 4017 comniuni
463 3963 530 4040 per
544 3942 659 4022 secula
672 3945 823 4042 jubente
838 3943 923 4016 Deo
938 3943 1081 4018 Fratres
1099 3943 1294 4021 charisimi
1412 3936 1415 3949 ⁴

780 4139 865 4236 03
1120 4130 1284 4221 tuat
