3200 4784
504 425 655 501 41²
816 461 821 466 -
922 399 2134 480 ·Mommnn·rAVn·1-tna

508 567 913 661 Episcopus
948 561 1329 638 Tubienlis
1374 583 1616 638 coram
1661 564 1827 636 viro
1882 561 2259 636 clariffimo
2320 555 2644 633 Tribuno

514 667 586 743 ἐι
634 666 953 740 Notat-io
1000 662 1435 736 Marcellino
1479 661 1944 756 suprascripta
1990 659 2340 735 mandavi
2401 659 2476 732 &
2523 658 2646 732 sub·

514 765 772 856 scripsl.
878 765 1045 835 Idem
1078 766 1279 833 dixit.
1335 762 1715 835 Catholica
1757 761 1857 835 est
1896 761 2062 834 sola.
2177 760 2275 830 Et
2314 764 2645 830 recitavit.

511 865 717 943 Felix
756 860 1149 956 Episcopus
1169 863 1762 935 Abbiritanorum
1798 860 2162 953 Maj0rum
2200 879 2482 932 coram
2515 860 2646 930 viro

516 964 887 1042 clariffimo
906 961 1242 1035 Tribuno
1270 960 1335 1033 ἃ
1361 959 1439 1033 N
1444 962 1685 1034 otario
1715 962 2150 1034 Marcellino
2187 956 2649 1053 suprascripta
2700 996 2730 1012 ν

516 1064 852 1140 mandavi
908 1062 973 1134 ἃ
1032 1059 1389 1152 subscripfi
1430 1058 1865 1154 Carthagini.
1980 1063 2126 1153 ,Quo
2179 1064 2474 1130 recitato
2529 1061 2651 1127 idem

518 1165 742 1236 discit:
817 1160 1198 1233 Catholica
1248 1159 1349 1232 est
1403 1157 1573 1235 sola.
1685 1161 1780 1232 Et
1833 1164 2181 1232 recitavit:
2258 1157 2648 1255 Augendus

517 1259 921 1355 Episcopus
974 1261 1203 1351 plebis
1253 1259 1861 1355 Villaemagnenfis
1910 1280 2153 1333 coram
2199 1260 2387 1331 viro
2450 1255 2650 1330 claris

516 1357 696 1436 fimo
713 1359 1045 1431 Tribuno
1080 1359 1147 1430 &
1174 1359 1247 1431 N
1256 1361 1491 1430 otario
1514 1357 1949 1433 Marcellino
1976 1356 2469 1453 suprascripta
2491 1377 2652 1432 man·

520 1461 689 1532 davi
729 1461 794 1530 δι
832 1456 1192 1551 subscripsi
1230 1457 1664 1553 Carthagini.
1770 1463 1916 1552 Quo
1950 1475 2207 1532 reaturo
2248 1461 2431 1529 idem
2473 1459 2652 1529 dixit:

523 1557 906 1631 Catholica
952 1557 1055 1631 est
1094 1569 1393 1630 tantum.
1519 1560 1884 1629 Primianus
1933 1559 2267 1655 Episcopus
2324 1559 2653 1650 Carthagi·
2733 1603 2740 1610 -

520 1659 729 1752 mnfis
762 1662 969 1728 dixit.-
1032 1654 1188 1749 Ipse
1224 1654 1368 1746 est,
1425 1658 1541 1747 qui
1570 1657 1981 1750 jamdudum
2018 1659 2101 1731 ad
2147 1659 2350 1733 illam
2400 1671 2653 1755 partem

522 1758 829 1831 transiit.
919 1758 1011 1828 Et
1038 1761 1371 1826 recitavit:
1427 1755 1744 1831 Lucidus
1772 1756 2178 1851 Episcopus
2203 1760 2460 1850 plebis
2489 1755 2656 1829 Mar·

524 1849 963 1933 cellianenfis
1012 1855 1079 1928 &
1119 1856 1849 1946 Bazitens18,coram
1889 1861 2055 1929 viro
2096 1856 2490 1931 clariffirno
2517 1854 2656 1928 Tri·

522 1958 726 2030 buno
769 1956 836 2028 &
872 1955 1193 2028 Notario
1234 1955 1673 2028 Marcellino
1713 1954 2177 2049 suprascripta
2214 1955 2572 2031 mandavi
2603 1953 2656 2025 ἀ

522 2054 885 2146 subscripfi
921 2051 1356 2151 Carthagini.
1440 2057 1612 2147 Quo
1643 2063 1900 2128 recitato
1931 2058 2086 2126 idem
2109 2059 2342 2128 dixit:
2407 2054 2658 2129 Catho-

525 2155 803 2229 tholica
867 2151 1026 2246 est,
1092 2152 1157 2225 δι
1211 2152 1533 2226 Notario
1586 2154 1655 2226 &
1708 2155 2140 2230 Marcellino
2191 2153 2660 2248 suprascripta

525 2254 861 2329 mandavi
913 2251 979 2324 δι
1029 2251 1387 2347 subscripsi
1432 2243 1867 2350 Carthagini.
1983 2259 2130 2347 Quo
2181 2259 2476 2329 recitato
2522 2257 2660 2323 idem

527 2356 739 2426 dixit:
809 2350 872 2423 E
912 2351 1195 2424 diverso
1245 2351 1346 2426 est
1384 2351 1808 2429 Restitutus.
1918 2357 2274 2451 Restitutus
2327 2357 2661 2449 Episcopus

526 2456 744 2525 dixit.
786 2449 1133 2547 Agnosco
1165 2453 1385 2527 illurn.
1496 2455 1588 2524 Et
1617 2455 1959 2527 recitavit.
2004 2450 2343 2526 Aufidius
2377 2453 2657 2547 Episco-

526 2573 665 2649 pus
699 2552 928 2642 plebis
964 2550 1407 2646 Tignicenfis
1444 2561 1690 2626 coram
1722 2554 1890 2626 viro
1924 2553 2291 2627 clariflimo
2317 2552 2665 2627 Tribuno

530 2652 603 2724 δι
648 2649 969 2723 Notario
1009 2651 1442 2758 Marcellino
1476 2650 1942 2746 suprascripta
1991 2652 2324 2727 mandavi
2380 2653 2472 2726 ἀ
2525 2649 2665 2724 sub-

530 2751 658 2823 scri
718 2751 762 2823 fi
802 2751 1062 2823 Cartha
1114 2751 1234 2823 ini.
1398 2775 1470 2819 rm
1516 2759 1771 2823 recitare]
1819 2759 1971 2823 idem
2019 2755 2215 2823 dixis:
2271 2751 2335 2823 E
2379 2751 2663 2827 diversi]
