3200 4784
1254 424 1331 488 m
1408 419 1412 436 .

261 571 466 686 scriptori,
497 569 748 656 occasionem
770 567 978 656 dederunt
994 594 1108 656 novo
1123 571 1332 664 vocabulo

263 686 477 774 theodiscae
506 684 661 798 linguae
689 682 850 770 idiotica
872 680 1175 798 locupletandi:
1213 688 1332 801 quod

261 800 385 920 quale
400 800 472 902 fit,
495 802 681 884 invenies
698 802 839 898 terti0,
857 803 897 882 ni
915 793 1056 898 fallor,
1076 801 1303 889 volumine.
1357 845 1359 849 ·

258 993 262 998 .
353 915 424 1002 Ne
453 911 506 999 de
533 911 617 1023 ipsa
641 911 966 1024 Philanthropini
988 916 1146 999 interna
1173 916 1332 1003 ratione

219 1106 221 1109 ,
266 1028 387 1142 plura
405 1021 560 1127 dica'm,
588 1022 704 1130 facit,
734 1025 850 1139 quod
865 1025 948 1135 jam
966 1031 1083 1113 annis
1098 1027 1245 1117 abhinc
1264 1035 1333 1117 tri·

264 1147 351 1240 bus
380 1166 609 1243 curatores,
648 1167 827 1255 quotes
855 1140 944 1249 ejus
969 1142 1071 1227 statu
1090 1141 1186 1243 fint,
1215 1146 1334 1258 quid·

300 1287 354 1343 ue
373 1253 605 1368 exspecffare
622 1255 792 1367 poifint,
829 1258 900 1367 qui
921 1253 1026 1340 filios
1044 1254 1117 1340 fibi
1135 1256 1333 1346 credituri

264 1286 365 1473 dut,
396 1391 704 1483 programmate
726 1368 898 1480 publico
930 1368 1161 1457 docuerint.
1211 1374 1335 1463 Nihil

256 1510 484 1600 praeterea,
505 1510 632 1598 quoa
644 1480 956 1569 Salzmanniano
975 1482 1088 1570 simili
1104 1510 1237 1598 prope
1249 1485 1335 1571 Go-

268 1600 385 1687 tham
402 1595 611 1718 instituto,
633 1594 900 1683 neffaoienfis
918 1596 1245 1713 Philanthropini
1261 1627 1335 1690 no·

265 1715 427 1802 viffima
444 1712 624 1815 colonia,
641 1709 932 1824 distinguatur,
953 1711 1220 1824 deprehendi.

354 1829 431 1912 Me
447 1825 795 1936 Philanthropinis
819 1852 906 1926 non
926 1821 1085 1927 lavere,
1118 1856 1256 1941 nuper
1281 1857 1336 1916 ex

265 1944 576 2057 periegetarum
595 1938 708 2026 haud
734 1938 839 2024 bene
864 1938 1166 2043 consultorum,
1194 1963 1270 2031 nec
1285 1942 1337 2031 sa·
1375 2041 1377 2048 ,

267 2059 322 2142 tis
338 2055 644 2155 modestorum,
669 2057 787 2167 queis
809 2052 934 2139 hodie
950 2054 1231 2159 abundamus,
1261 2087 1337 2145 nu·

267 2195 391 2276 mero
420 2170 568 2280 aliquis
596 2166 670 2254 fibi
700 2172 743 2255 in
772 2196 917 2253 aurem
947 2168 1127 2273 dilium,
1165 2172 1337 2283 publica

267 2282 465 2394 scriptura
482 2288 523 2367 in
541 2282 701 2369 Musaeo
750 2286 958 2368 ermonico
977 2282 1219 2398 propalavit.
1255 2290 1337 2373 Ve-

256 2403 370 2483 ¹rum
387 2396 428 2484 id
443 2425 496 2482 ex
511 2421 646 2509 parte,
677 2312 826 2483 vellem
842 2400 974 2499 enim,
1008 2398 1202 2513 qualibet
1220 2404 1339 2511 regio

270 2511 433 2598 nonnisi
453 2512 804 2624 philanthropicas
829 2508 983 2597 scholas
1004 2511 1194 2623 publicas
1217 2514 1340 2599 habe·

270 2648 359 2726 ret,
386 2630 439 2711 ita
453 2626 557 2735 juste
577 2649 845 2737 temperatas,
876 2648 924 2711 ut
939 2625 1096 2711 alumni
1114 2626 1342 2728 educentur

270 2742 412 2858 patriae
430 2738 528 2825 suae:
549 2766 621 2842 ne,
641 2768 738 2825 curn
756 2737 1058 2847 Colmopolitas
1075 2740 1226 2847 institui
1244 2770 1340 2855 gau·

273 2853 390 2954 deas,
426 2855 564 2965 postea
591 2858 702 2939 cives
731 2879 818 2937 non
848 2852 1024 2955 habeas,
1064 2880 1138 2938 nec
1167 2854 1341 2944 idoneos

272 2990 391 3051 terrae
410 2965 625 3070 homines,
643 2971 709 3052 cui
732 2965 993 3052 destinantur.
1023 3062 1025 3066 ¹
1051 2968 1145 3054 Nec
1161 2969 1262 3054 mihi
1283 2976 1341 3057 vi·

274 3080 397 3166 detur
430 3084 617 3193 gravitati
652 3079 695 3167 81
726 3081 912 3195 dignitati
937 3084 1093 3194 negotii
1118 3082 1341 3171 educandae

274 3195 520 3307 juventutis,
539 3194 626 3281 satis
645 3199 909 3297 conveniens,
925 3219 974 3280 ut
993 3198 1163 3305 privatis
1180 3204 1342 3283 rationi·

276 3308 361 3394 bus
377 3310 695 3424 commodisque
707 3334 864 3424 agatur.
895 3308 1063 3394 Publica
1079 3310 1248 3421 publico
1262 3340 1343 3399 aerc

276 3424 322 3510 δι
339 3422 505 3536 publica
518 3423 760 3508 aubloritate
783 3424 874 3508 sunt
888 3422 1045 3536 agenda
1063 3427 1106 3510 δι
1122 3426 1314 3510 curanda.

277 3581 279 3583 ·
362 3536 717 3623 lnterimDeliavii
731 3565 815 3623 non
829 3541 967 3623 minus
982 3536 1125 3623 scholae
1142 3538 1233 3621 urbi
1251 3563 1344 3651 pro·

277 3653 409 3765 priae,
447 3677 573 3761 quam
602 3650 937 3765 l'aedagogium,¹
965 3672 1013 3735 ut
1041 3659 1152 3740 hunc
1182 3661 1346 3755 vocant,
1375 3718 1380 3737 .

230 3820 234 3824 -
280 3785 534 3866 commune,
571 3763 916 3877 philanthropiam
945 3762 1131 3874 sapiunt,
1169 3767 1212 3855 8(
1245 3766 1347 3852 refe·
1411 3833 1414 3839 .

278 3875 448 3986 ferunt,
475 3876 587 3962 unde
612 3872 730 3964 facile
754 3883 907 3993 patior,
938 3876 1019 3965 hoc
1038 3906 1210 3998 quoque
1231 3882 1348 3991 juxta

279 3994 367 4083 illas
386 3991 610 4082 consistere.

771 4132 846 4216 ος
1114 4233 1118 4240 ι
1177 4106 1291 4210 Quo·
