3200 4784
612 384 765 481 tues
793 418 1012 481 renatus.
1295 428 1348 511 59

272 566 387 643 dubius
405 560 529 639 stetit:
554 561 640 637 hinc
654 564 697 637 ad
713 564 815 640 illum
831 562 995 655 sonabat,
1010 568 1093 637 Non
1105 567 1239 643 midas:
1255 570 1344 647 inde

270 668 441 756 iuuabat,
467 664 609 735 occideris
635 681 794 759 utrosque.
855 662 891 735 Si
917 664 1065 757 feriret,
1091 684 1281 761 peccaret:
1313 670 1344 749 st

268 788 332 843 ron
361 764 523 855 feriret,
557 763 795 856 delinqueret.
847 761 966 859 Elegit
990 766 1116 839 melius
1132 786 1340 863 peccatum,

267 884 297 941 tt
319 877 558 961 percuteret.
609 860 659 935 Et
682 863 780 937 sorte
803 882 881 936 non
903 864 1118 957 defuerant,
1150 870 1210 957 qui
1232 870 1340 963 hujus

264 968 305 1041 rei
325 964 522 1041 vindicem
538 962 633 1053 quasi
652 961 1017 1065 homicidamgnotare
1033 964 1236 1041 voluissent.
1267 967 1342 1045 sed

264 1082 296 1141 ut
315 1063 540 1141 ostenderet
554 1063 680 1155 Deus,
707 1064 824 1153 aliqua
844 1065 935 1136 mala
952 1066 1047 1137 bene
1065 1062 1166 1156 sieri,
1191 1068 1340 1143 locutus

262 1166 304 1241 est
330 1166 498 1241 dicens:
538 1163 672 1233 Phimes
697 1168 864 1257 mitigavit
887 1186 970 1233 rrum
993 1189 1114 1259 meam3
1145 1164 1342 1259 &placuit

261 1266 338 1343 lieo
364 1260 639 1345 homicidium,
676 1263 760 1353 quia
786 1260 1007 1335 vindicatum
1034 1262 1086 1337 est
1113 1266 1348 1350 adulterium..

262 1362 355 1463 Quid
378 1362 412 1439 fi
436 1361 471 1435 dt
492 1360 605 1435 modo
626 1363 712 1435 Deo
736 1364 894 1453 placuit,
917 1364 1019 1453 quod
1040 1361 1156 1457 pallos
1177 1382 1248 1437 vos
1270 1364 1343 1443 else

263 1466 411 1555 dicitis,
447 1462 509 1553 qui
533 1462 707 1535 unitatem
734 1482 815 1537 cum
845 1474 931 1535 toto
959 1464 1050 1535 orbe
1073 1478 1272 1557 terrarum,
1306 1464 1343 1539 sa

261 1584 339 1639 tum
363 1562 558 1639 memoriis
582 1558 876 1657 Apostolorum,
911 1582 990 1655 qua
1009 1563 1096 1639 Deo
1123 1566 1256 1661 placita
1276 1564 1342 1655 est,

261 1664 402 1741 babere
416 1660 593 1737 noluistis.

331 1760 545 1843 6.,lnvitus
570 1780 684 1854 cogor
708 1760 893 1833 hocloco
916 1762 1022 1833 etiam
1047 1762 1216 1857 illorum,
1250 1784 1343 1857 quo·

260 1882 342 1937 rum
367 1864 489 1949 uolo,
520 1862 706 1935 bominum
731 1860 855 1933 facere
874 1862 1123 1953 mentionem,
1158 1884 1251 1955 quos
1268 1884 1341 1941 vos

262 1962 362 2035 inter
384 1978 564 2053 martyres
586 1962 742 2054 ponitis:
776 1976 843 2053 per
860 1980 975 2051 quos,
1001 1973 1168 2053 tanquam
1185 1985 1249 2055 per
1263 1967 1343 2039 uni·

262 2082 346 2137 eam
369 2061 616 2155 religionem,
652 2058 1076 2135 vestre-communionis
1098 2060 1265 2137 homiues
1288 2066 1346 2160 ju·

216 2214 218 2227 .
260 2174 359 2237 rant.
397 2162 505 2255 Quos
524 2160 665 2249 quidem
684 2161 817 2233 vellern
834 2159 975 2233 silentio
991 2162 1277 2253 preterire,·sed
1290 2184 1346 2239 ra·

261 2262 317 2335 tio
334 2260 504 2333 veritatis
519 2256 552 2333 se
567 2260 655 2347 sileri
667 2281 742 2333 non
756 2263 909 2350 patitur:
935 2261 1027 2333 &ex
1039 2260 1120 2355 ipsis
1134 2264 1344 2357 nominibus

260 2376 397 2436 contra
422 2361 595 2433 unitatem
624 2360 890 2434 inconsiderate
911 2360 1034 2433 rabida
1057 2363 1164 2437 latrat
1188 2364 1343 2457 invidia,

263 2460 300 2536 tr
320 2458 550 2552 aspernantes
567 2460 674 2549 aliqui
693 2459 923 2533 accusandam
945 2473 1007 2531 aut
1028 2460 1231 2555 fugiendam
1256 2461 1345 2537 aesti·

264 2576 372 2651 mant
387 2560 584 2651 unitatem,
612 2560 711 2650 quod
730 2560 916 2631 Marculus
937 2558 1158 2633 &Donatus
1177 2560 1343 2635 dicantur

267 2658 383 2735 occisi
409 2659 442 2733 dr
465 2659 613 2734 mortui.
677 2660 785 2753 Quasi
809 2662 962 2731 omnino
987 2660 1025 2729 in
1052 2658 1253 2755 vindidlam
1269 2660 1345 2737 Dei

265 2763 392 2835 nullus
423 2776 603 2833 mereatur
641 2760 773 2833 occidi.
836 2756 962 2829 Nemo
990 2771 1068 2829 erat
1091 2758 1273 2833 laedendus
1298 2764 1344 2837 ab

268 2859 446 2953 operariis
465 2860 634 2946 unitatis,
662 2857 720 2929 sed
742 2876 811 2929 nec
834 2858 880 2929 ab
897 2852 1085 2949 Episcopi:
1107 2860 1273 2935 mandata
1292 2862 1346 2935 di·

267 2965 361 3033 vina
386 2960 572 3031 contemni
602 2960 827 3031 debuerant:
864 2956 992 3047 quibus
1020 2974 1240 3053 preceptum
1272 2960 1344 3051 est,

271 3064 392 3153 Quare
407 3080 531 3155 pacem,
557 3060 595 3134 (5
612 3058 805 3153 consequeris
819 3082 903 3128 eam:
936 3056 971 3129 dt
989 3060 1142 3149 iterum,
1167 3064 1277 3155 ,Quam
1295 3061 1346 3133 da-

271 3186 355 3235 ιιιιιιι
371 3158 408 3235 (5
425 3184 519 3255 quam
529 3162 704 3255 jucundum
720 3158 868 3229 habitare
879 3155 1007 3249 fratres
1028 3162 1066 3229 in
1082 3182 1213 3243 arnum,
1229 3159 1264 3235 dt
1279 3163 1347 3237 ite·

273 3280 386 3352 rum,
418 3261 530 3351 felices
564 3262 707 3354 pacifici,
742 3265 820 3356 quia
850 3258 905 3356 ipfi
929 3260 1002 3350 fitis·
1036 3261 1104 3331 Dei
1133 3261 1344 3335 manduntur.

275 3361 364 3437 Hoc
385 3360 445 3452 qui
469 3380 539 3433 nec
561 3361 716 3433 libenter
738 3360 918 3433 volebant
940 3357 1083 3450 audire,
1115 3380 1186 3435 uec
1204 3360 1346 3435 devote

275 3460 397 3541 iacere
413 3462 634 3549 voluerunt,
662 3458 832 3550 quidquid
847 3470 1049 3549 potueruut
1064 3462 1159 3553 pati,
1183 3458 1210 3536 fi
1225 3460 1349 3541 occidi

276 3564 408 3639 malum
430 3558 504 3652 est,
531 3560 612 3633 :nali
632 3557 681 3631 sui
699 3558 762 3650 ipsr
782 3556 862 3630 sunt
878 3555 991 3631 causa.

354 3683 388 3755 7.
415 3658 486 3732 Sed
508 3658 708 3754 arguendus
733 3655 796 3751 (ut
817 3653 958 3748 dicitis)
980 3654 1091 3731 vobis
1110 3654 1256 3731 videtur
1277 3656 1348 3737 effe

277 3760 490 3849 Macarius,
532 3778 614 3833 curn
638 3758 832 3832 voluntate
855 3753 929 3827 Dei
960 3752 1136 3829 :estimatis
1165 3776 1247 3833 euru
1266 3758 1350 3837 'hoc

277 3861 402 3938 facere
428 3881 505 3933 non
520 3853 698 3952 potuisse.
761 3856 913 3931 Habetis
937 3853 1151 3947 ,hujusmodi
1177 3876 1262 3931 teos
1287 3880 1350 3938 au·-

279 3961 432 4049 tiquor:
465 3957 637 4035 accusate
657 3955 775 4050 primo
803 3952 988 4045 Moysen,
1026 3951 1139 4045 ipsum
1168 3958 1350 4054 legislato-

280 4079 379 4137 rem:
398 4062 458 4157 qui
472 4063 629 4157 quicum
644 4054 797 4153 desyna
811 4068 939 4146 moute
954 4050 1203 4155 descenderet,
1218 4076 1353 4155 prope,

1242 4181 1323 4237 utu
