3200 4784
464 406 936 495 nuDouurreannuu
961 402 1207 487 Hesperiae.
1292 433 1367 505 501

243 585 261 637 r
291 572 383 644 bere
403 567 688 662 dubitationem,
715 573 859 663 quando
885 571 1037 666 persona
1063 573 1205 652 nostra,
1232 578 1360 662 quibus

243 688 261 757 ,τ
286 667 490 743 uniuersale
500 668 702 744 Concilium
720 671 918 764 mandavit,
937 670 1209 762 disputationem
1232 679 1274 744 au
1287 674 1359 767 lm.

243 782 260 839 ε
280 765 461 867 peratore
473 784 689 864 praeceptarn
700 772 749 845 ita
763 766 934 859 firmavit,
953 787 994 841 ut
1009 792 1056 843 ne
1070 772 1129 862 ipsi
1142 774 1281 862 quidem
1295 775 1358 845 du·

243 869 408 962 substare
433 867 593 962 pollint,
626 872 664 941 in
693 868 847 960 quorum
881 868 1076 962 aspeuiuus
1107 870 1357 961 procellerunt

243 989 261 1041 u
289 974 439 1060 ornnes,
459 967 520 1060 qui
537 969 810 1047 mundaverunt.
841 971 887 1042 Er
902 972 966 1040 alia
984 994 1091 1044 manu.
1119 972 1354 1059 Recognovi.

247 1085 261 1157 ,τ
290 1065 441 1158 Pffdius
463 1064 624 1164 Episcopus
640 1066 778 1159 Eccsefiae
796 1072 965 1141 Curiosius
988 1072 1093 1140 dixit:
1128 1068 1266 1140 Petiilse
1286 1092 1354 1145 nos

243 1188 261 1239 r
289 1168 549 1256 collationem,
576 1168 654 1258 quis
672 1187 805 1264 negare
821 1171 944 1264 potuit
961 1183 1022 1246 aut
1040 1167 1194 1262 potesis,
1225 1172 1272 1245 Et
1286 1173 1355 1244 alia

244 1290 397 1342 imane.
432 1265 662 1362 Recognovi.
813 1352 816 1356 ¹

253 1366 260 1440 s
362 1370 419 1462 69.
449 1363 610 1438 Emeritus
632 1368 794 1465 Episcopus
810 1367 914 1439 dixit:
950 1368 1047 1466 Quid
1064 1365 1220 1460 petiisti?
1246 1391 1352 1459 quem

285 1463 429 1538 misistis
465 1464 537 1538 Dic
562 1485 721 1559 nornen,
757 1487 835 1559 quae
860 1466 1058 1539 mandasti?
1098 1471 1144 1538 Et
1161 1471 1223 1535 alla
1242 1494 1351 1547 mune.

243 1561 467 1640 iEmeritus
494 1561 693 1660 Episcopus
722 1565 821 1638 salvo
855 1569 1104 1661 appellationis
1136 1567 1268 1640 eieitu
1298 1590 1353 1644 re·

243 1672 258 1759 ip
288 1665 462 1758 cognovi.
495 1661 645 1755 Poffidim
656 1667 820 1762 Episcopus
832 1668 966 1757 Eccseftae
978 1668 1148 1737 Cuth’sicae
1162 1672 1263 1734 dixit:
1293 1669 1353 1742 De

243 1773 258 1861 i
286 1761 388 1835 causa
407 1764 578 1856 loquere,
604 1767 807 1839 mandatum
830 1766 963 1841 audisti.
1013 1766 1205 1840 Recitetur
1224 1768 1352 1838 identi-

243 1892 254 1951 l
286 1861 391 1954 dem,
418 1861 670 1959 &responde,
702 1866 855 1938 s1habes
877 1866 975 1954 quod
995 1867 1102 1940 dicas.
1154 1864 1349 1958 Supcrlluis

243 1972 262 2042 i
284 1960 494 2035 immoraris.
531 1965 578 2034 Er
594 1964 777 2036 asiamanu.
810 1964 1041 2057 Recognoui.
1075 1967 1246 2035 l'etiliauus
1269 1968 1350 2055 Epi«-

276 2061 382 2156 scopus
398 2063 503 2136 dixit.-
531 2066 650 2162 Quem
665 2062 800 2154 misisti,
820 2063 903 2155 quid
919 2063 1108 2152 mandasti,
1136 2066 1217 2153 quid
1235 2065 1348 2167 egilll,

243 2170 252 2236 l
284 2161 474 2234 advertere
491 2161 621 2239 debeo.
673 2161 763 2237 Non
784 2165 879 2236 enim
901 2165 1066 2236 clanculo
1085 2164 1151 2239 tibi
1172 2166 1256 2237 licet
1274 2163 1348 2258 sug·

243 2284 250 2335 r
281 2279 426 2356 gerere,
459 2263 558 2352 quod
579 2260 703 2355 postea
725 2283 811 2336 non·
826 2263 957 2336 debeat
980 2265 1163 2356 publicari.
1215 2263 1259 2333 Er
1280 2267 1348 2336 alia

244 2383 247 2426 r
281 2384 388 2431 anana.
433 2357 623 2435 Petilianus
649 2360 848 2458 Episcopus
866 2362 942 2438 sine
963 2362 1171 2456 praejudicio
1193 2363 1347 2452 appella·

283 2461 394 2533 tionis
412 2459 540 2532 nostrae
557 2465 773 2556 recognovi.

356 2581 415 2651 70.
445 2563 654 2630 Murredium
669 2568 726 2626 uir
742 2555 931 2650 esariffimus
947 2553 1110 2630 Tribunus
1127 2558 1167 2634 ss
1184 2563 1347 2631 notarius

280 2656 390 2726 dixit:
428 2660 511 2754 Qua
537 2662 679 2728 ratione
705 2658 906 2752 legatorum
932 2659 1078 2732 uomina
1104 2657 1344 2752 postulentur,

280 2755 436 2848 ignor03
465 2776 545 2828 curn
563 2757 795 2828 collationem
814 2770 951 2828 tanturn
969 2756 1181 2848 postulatam
1197 2757 1287 2848 else,
1309 2759 1345 2832 du

281 2855 516 2928 collationem
534 2852 634 2926 fuisse
655 2853 877 2946 concellum,
913 2853 1001 2932 sicut
1022 2855 1178 2950 superius
1200 2857 1347 2930 interfa-

280 2967 340 3029 tus
377 2951 477 3044 sum,
512 2954 716 3045 principalis
748 2952 879 3027 sausiio
912 2954 1102 3050 diligenter
1135 2955 1349 3033 ostenderit..

282 3049 392 3124 Unde
418 3050 578 3128 senilitas
598 3053 714 3126 vestra
735 3053 808 3146 jam
834 3053 877 3126 ad
901 3056 1039 3148 negotii
1060 3055 1201 3132 interna
1220 3058 1347 3131 venire

280 3150 470 3246 dignetur,
493 3167 666 3244 quatenus
682 3156 818 3227 veritas
835 3154 1022 3229 elucescat.

356 3272 414 3341 71.
441 3254 622 3324 Montanus
644 3252 814 3349 Episcopus
830 3256 931 3325 dixu.-
964 3252 1034 3326 Sed
1059 3252 1343 3331 clementissimus

278 3345 481 3441 Imperator
499 3372 558 3427 me
574 3353 684 3448 magis
699 3352 873 3426 instruere
888 3355 1026 3436 voluit,
1051 3354 1134 3444 quid
1152 3354 1196 3424 de
1218 3360 1343 3423 adver·

277 3444 374 3520 sariis
392 3448 521 3522 nostris
536 3457 779 3547 requiramus,
806 3451 889 3525 dum
906 3455 1031 3540 utique
1047 3473 1173 3525 eorum
1193 3453 1344 3545 legatio·

279 3568 363 3623 nem
379 3550 550 3642 publicat.
580 3553 628 3622 Et
645 3555 710 3624 alia
724 3545 829 3623 nanu.
855 3551 1054 3625 Montanus
1069 3549 1268 3647 Episcopus
1289 3569 1344 3625 ro.-

279 3648 463 3744 cognovi,
496 3647 597 3723 salvo
615 3652 892 3744 provocationis
908 3647 1049 3725 effeslu.
1134 3658 1137 3663 ’

354 3770 413 3839 72,
445 3751 703 3822 Fbrtiinuriouur
722 3751 883 3848 Episcopus
902 3750 1039 3843 Eccsefiae
1053 3749 1221 3820 catholice
1237 3748 1343 3823 dixu:

279 3841 523 3935 Separationis
541 3851 574 3926 u
592 3847 808 3924 dissensionis
826 3851 953 3925 tuaeab
968 3848 1124 3922 Ecclesia
1138 3847 1342 3941 universali,

281 3962 360 4034 quae
379 3957 463 4020 toto
487 3952 578 4022 orbe
603 3947 836 4042 diffunditur,
856 3947 990 4030 ,causas
1009 3969 1165 4045 expone.
1208 3950 1254 4021 Et
1274 3952 1343 4021 alia

279 4067 392 4128 manu,
424 4045 656 4148 Recognovi.
803 4100 806 4105 -

781 4143 871 4242 1i2
1120 4152 1308 4240 pullion-
1351 4166 1358 4173 “

719 4446 785 4462 h
