3200 4784
504 427 701 498 mm
1318 517 1323 522 ¹
1913 491 1924 518 ,
1975 421 1980 430 ·
2230 423 2286 512 ³„

516 585 853 686 odium,
896 598 995 668 ut
1026 582 1365 693 utrique
1396 577 1606 666 male
1637 585 2060 694 precatuS,
2121 583 2425 688 statim,
2485 608 2667 701 quo

520 699 1018 815 quantocius
1062 722 1110 780 a
1158 694 1589 781 tristissimo
1619 697 2218 808 phantasmate,
2269 700 2356 787 81
2390 705 2472 786 in
2541 730 2662 788 ra·

428 813 437 821 ’
521 815 808 902 tiffima
865 809 1226 896 senfione
1282 807 1716 912 liberarer,
1785 811 1888 896 ad
1946 813 2142 907 alia,
2221 841 2412 925 quae
2505 821 2657 918 cis,

518 950 898 1020 mentem
940 928 1489 1037 animumque
1534 931 2134 1012 converterim:
2195 953 2301 1012 ne
2335 952 2664 1017 tantum

520 1041 1057 1157 quidem-otii
1104 1037 1311 1123 mihi
1355 1035 1734 1144 sumens,
1791 1063 1887 1126 ut
1934 1035 2196 1152 fiquid
2233 1038 2501 1128 fot-fan
2539 1049 2664 1132 in·

512 1156 828 1245 vidiam
873 1145 1069 1238 faffi
1118 1175 1573 1256 mlnueret,
1631 1176 1776 1239 aut
1829 1181 1934 1240 ex
1983 1156 2231 1241 altera
2274 1157 2662 1268 parte-ad

513 1269 857 1359 viCtoris
908 1261 1241 1353 laudem
1284 1269 1373 1356 ἃ
1429 1265 1839 1356 honorem
1887 1265 2238 1364 faceret,
2296 1271 2659 1362 incidere

512 1379 932 1502 potuisset.
1144 1455 1151 1468 .
2349 1457 2400 1470 ,,
2543 1456 2547 1460 ,

508 1527 515 1533 ·
684 1495 981 1584 Incidit
1012 1519 1335 1600 autem,
1394 1490 1559 1581 hoe
1588 1494 1842 1582 animi
1879 1497 2043 1582 mei
2075 1490 2178 1582 ad
2213 1493 2389 1585 talia
2423 1523 2655 1588 reco-

514 1611 848 1730 gitanda
892 1614 1143 1724 proni
1191 1613 1623 1809 paratisque
1665 1611 1870 1696 statu
1908 1612 2385 1726 tranquille,
2445 1620 2658 1701 inter

506 1729 666 1817 alia
724 1725 828 1813 ad
886 1724 1176 1812 excidii
1234 1727 1445 1839 Mag
1504 1723 1881 1838 eburgici
1940 1724 2345 1811 historiam
2411 1735 2654 1840 perti-

507 1845 823 1944 nentia,
878 1839 1079 1925 illud
1115 1844 1398 1925 etiam:
1460 1840 1681 1926 cives
1718 1862 1918 1925 tunc
1947 1840 2032 1925 81
2067 1841 2348 1926 militis
2394 1845 2656 1955 praefi·-

506 1955 746 2043 diarii
796 1959 1027 2068 copia
1082 1957 1168 2044 δὲ
1219 1948 1706 2038 fortitudine
1734 2009 1838 2030 --
1886 1951 2327 2040 duodecim
2372 1954 2652 2061 millia,

508 2096 765 2186 pum,
806 2064 1135 2154 fuerant
1162 2125 1269 2144 ...-
1298 2069 1385 2153 8τ
1418 2071 1826 2154 moenium
1861 2075 2471 2173 monumentiS,
2513 2070 2650 2159 vel

504 2180 870 2273 fortunae
903 2182 1059 2268 suae
1094 2184 1450 2268 nimium
1484 2179 1778 2268 fidisse:
1813 2181 2186 2269 accensos
2221 2184 2458 2299 quod
2489 2209 2649 2298 pro

508 2292 723 2387 focis
755 2301 841 2385 ἃ
869 2299 1027 2380 aris
1059 2317 1569 2408 pugnarent,
1611 2295 2022 2399 maxime,
2056 2296 2320 2384 dicam
2357 2301 2651 2386 enthu-

508 2411 832 2514 fiafi'no,
892 2437 996 2496 an
1032 2406 1510 2497 fanatismo?
1570 2410 1779 2496 hosti
1815 2410 2017 2496 adeo
2053 2409 2492 2507 insultaffe‚
2555 2439 2650 2501 ut

508 2530 955 2641 oppropria
1006 2549 1176 2612 non
1230 2528 1314 2610 in
1361 2520 1631 2637 ipsum
1679 2520 1941 2610 solum
1993 2523 2218 2639 quasi
2277 2523 2648 2614 imbecil-

506 2638 691 2729 -lum
728 2699 753 2742 ‚
822 2639 959 2730 sed
1026 2643 1272 2728 etiam
1329 2642 1417 2726 in
1454 2635 1685 2724 -sacra
1750 2665 1936 2751 quae
1989 2638 2416 2745 coluerat,
2490 2665 2647 2730 nec

570 2759 786 2839 erbis-*1
874 2779 1002 2839 tan
1082 2783 1190 2839 π]
1370 2763 1442 2831 ἐή
1514 2755 2083 2839 carminibus
2167 2779 2255 2839 er
2339 2751 2551 2839 urbe
2644 2831 2647 2832 a
