3200 4784
259 372 266 390 *
361 340 899 467 ¹fruaDounrrs'suuunr
930 361 1179 441 Hrsrourn.
1255 366 1327 458 569

294 546 296 551 '
343 550 423 625 279.
454 529 592 601 Hilarus
614 541 754 623 exceptor
775 526 884 596 diuus
919 527 1100 623 Quoniam
1125 547 1145 597 a
1167 527 1328 600 diluculo

262 616 389 726 partes
410 644 585 724 egerunt,
612 625 812 698 &codices
829 625 935 697 binos
958 625 1207 716 implevimus,
1234 627 1331 718 srju·

261 733 330 804 bet
347 727 545 822 praestantia
564 741 637 816 tua,
656 726 712 797 alii
726 726 832 798 nobis
846 737 1060 815 exceptores
1075 723 1328 820 subrogentur,

263 844 310 901 ut
329 830 371 900 ad
390 826 649 900 conferendum
670 843 855 909 exeamus,
881 824 971 894 datis
988 825 1095 895 nobis
1109 822 1329 906 custodibus.

272 931 396 1001 Viralr's
420 931 580 999 Nolumus
603 923 738 1020 Eccleftae
762 926 928 993 Catholicae
948 919 1034 992 dixis
1043 947 1055 993 .·
1091 923 1177 995 Hoc
1202 925 1233 995 dt
1258 944 1329 1019 ego

263 1027 442 1122 suggero,
472 1026 569 1118 quod
584 1026 617 1097 dc
631 1036 810 1118 exceptor
823 1022 1002 1100 nobilitati
1016 1034 1087 1098 tuae
1101 1021 1237 1097 adstans
1254 1021 1334 1121 sug·-

295 1127 378 1199 essit.
968 1156 972 1179 τ

266 1147 292 1222 g
347 1236 427 1304 280.
458 1221 671 1297 Marcellinus
683 1225 740 1292 uir
749 1218 934 1313 ciariffimur
950 1212 1332 1297 Turruuudunrauus

266 1317 376 1395 dixu:
411 1324 510 1398 Sicut
534 1325 638 1396 etiam
664 1320 846 1415 superiore
864 1320 1002 1414 judicio
1026 1317 1154 1394 fadium
1180 1322 1252 1411 est,
1279 1324 1330 1416 hi,

268 1427 330 1514 qui
351 1424 384 1495 se
404 1416 544 1496 tubulas¹
565 1419 721 1514 implesse
742 1431 1045 1509 commemorant,
1078 1441 1159 1494 cum
1178 1421 1333 1496 custodi·

268 1524 337 1599 bus
360 1538 514 1616 exeant,
544 1524 581 1596 in
604 1541 730 1596 eorum
745 1523 835 1594 loco
852 1520 926 1594 aliis
945 1517 1155 1616 subrogatis.
1194 1519 1334 1621 Cumque

270 1625 430 1711 r'dfierel,

348 1730 429 1800 281.
456 1720 647 1816 Augustinus
676 1718 840 1816 Episcopus
868 1717 1006 1812 Ecclefiae‘
1022 1717 1197 1815 'Carhsicae
1221 1721 1336 1798 dixirs

269 1817 433 1892 Mundus
455 1841 571 1916 erg0,
605 1821 794 1893 nonenim
820 1818 974 1890 aliter&
1001 1819 1107 1889 nobis
1131 1819 1245 1892 videri
1268 1843 1335 1914 po·

268 1925 365 2007 tuit,
393 1921 429 1992 in
450 1920 653 2007 hominibus
670 1918 900 2013 intelligitur,
927 1936 1004 1990 non
1026 1917 1151 2006 utique
1168 1913 1217 1991 it'a
1235 1918 1333 1996 stulti

268 2016 401 2109 fimus,
437 2034 478 2091 ut
494 2020 634 2091 belluas
655 2020 762 2090 etiam
783 2017 817 2089 δι
838 2035 1058 2111 quecunque
1078 2017 1336 2096 irrationabilia

272 2118 464 2192 animantia
483 2117 710 2207 adsalutem,
737 2137 840 2209 quam
852 2115 1011 2190 Christus
1027 2117 1206 2210 promifit,
1227 2123 1336 2211 perti-

271 2238 362 2290 nere
378 2219 544 2294 dicamus.
596 2215 742 2290 Prorsus
759 2218 833 2290 hoc
849 2214 1022 2289 dicimus:
1046 2219 1192 2288 Mundus
1213 2224 1251 2290 iu
1269 2243 1337 2290 mu-

271 2317 358 2409 liguo
372 2318 483 2414 pofirur
503 2318 558 2423 est,
583 2317 748 2391 homines
763 2315 861 2388 sslntt
904 2319 950 2386 Ut
964 2317 1069 2384 credar
1083 2320 1235 2404 mundus,
1261 2322 1337 2414 quia

275 2434 314 2487 ru
334 2443 380 2488 nra
396 2418 519 2513 niififli,
546 2420 710 2492 homines
727 2414 825 2487 sunt:
859 2413 1020 2484 Mundum
1043 2417 1249 2485 reconcilians
1265 2419 1337 2512 fibi,

272 2517 440 2590 homines
456 2518 555 2605 sunt,
582 2515 779 2604 decutere,
799 2531 877 2602 quae
890 2513 926 2583 in
942 2513 1037 2584 malo
1051 2509 1140 2585 diua
1154 2514 1253 2605 sunt,
1273 2517 1356 2590 ho·'

254 2615 389 2687 ‘mines
413 2615 475 2687 illi.
526 2614 594 2686 Per
620 2626 739 2684 totum
769 2611 863 2683 enim
889 2610 1060 2684 mundum
1087 2614 1229 2705 utrique
1256 2617 1340 2690 meli

276 2711 379 2785 mixti
396 2711 515 2784 bonis.
564 2711 623 2783 Sic
640 2706 863 2801 &Ecclesra,
887 2729 990 2800 quam
1007 2711 1151 2785 confess
1167 2711 1266 2805 sunt,
1286 2737 1341 2790 re.

277 2814 367 2882 tium
384 2810 532 2884 nomine
550 2809 763 2882 declaratam
780 2809 914 2882 habere
926 2810 1064 2902 malos,
1091 2809 1149 2884 sed
1171 2814 1341 2888 dixerunt

276 2910 389 2984 latere
407 2921 646 3002 peccatores,
675 2905 815 2980 constat
833 2908 926 3001 jam,
953 2908 1051 2999 quod
1069 2910 1198 2985 habeat
1217 2915 1338 2988 bonos

280 3010 315 3080 dt
328 3012 453 3084 malos.
504 3007 564 3080 De
579 3006 727 3081 latendo
743 3006 777 3079 dt
795 3007 930 3107 deuon
947 3006 1095 3082 latendo
1113 3010 1258 3102 questio
1276 3012 1341 3106 est,

277 3123 398 3181 utrum
421 3106 656 3202 pertinuerit,
683 3105 727 3180 ad
749 3108 919 3198 pietatem
944 3109 1126 3182 bonorum
1150 3113 1256 3186 etiam
1271 3134 1343 3185 rna·

279 3210 338 3279 los
355 3209 524 3302 cognitos
539 3209 718 3297 tolerare,
741 3227 789 3279 ne
806 3205 1009 3279 desererent
1024 3209 1168 3301 bonos,
1195 3232 1239 3282 an
1258 3232 1344 3305 pro-

281 3319 363 3399 pter
390 3311 648 3389 malostotum
675 3302 837 3386 deserere
863 3308 1072 3397 voluerint,
1109 3311 1235 3400 quibus
1260 3311 1344 3403 mali

282 3406 368 3494 quid
391 3407 428 3476 in
455 3403 611 3478 Ecclesia
635 3406 848 3497 apparuerit.
899 3404 975 3496 lpsa
995 3405 1140 3497 quaeliio
1159 3407 1234 3500 est,
1269 3410 1349 3504 hoq

281 3508 490 3600 probamus.
518 3505 677 3578 Dicimus
696 3506 788 3577 enim
805 3523 895 3595 nos,
914 3524 991 3578 non
1008 3507 1252 3605 negligendam
1270 3508 1346 3599 qui·

281 3603 365 3678 dem
384 3603 660 3679 Ecclesiasticam
678 3602 917 3695 disciplinam,
940 3605 1194 3695 &ubicunque
1211 3605 1349 3683 suerint

283 3705 420 3798 proditi
435 3704 535 3791 mali,
554 3705 782 3776 coercendos
796 3722 861 3776 eos
875 3700 965 3795 elie,
983 3717 1024 3775 ut
1037 3714 1370 3801 corriganturnon''

284 3801 400 3878 solum
416 3803 580 3878 sermone
593 3800 849 3894 comestionis,
875 3821 1004 3877 verum
1020 3805 1126 3878 etiam
1141 3790 1349 3880 excommu-

286 3899 528 3979 nicationibus
550 3901 584 3974 tr
608 3899 947 3996 degradationibus,
974 3917 1015 3975 ut
1034 3902 1202 3980 humilem
1224 3905 1349 3986 locum

287 3999 407 4083 saluus
431 4005 471 4082 in
495 3999 655 4091 Ecclefia
680 4002 929 4182 quaeraantuad
954 4002 1165 4082 medicinam
1191 4003 1350 4173 ipsorum

599 4171 604 4178 .
720 4185 732 4211 ἱ
840 4119 911 4199 ns
1013 4140 1025 4149 “
1087 4146 1094 4155 ·
1241 4121 1328 4186 QX&

739 4392 845 4424 ³¹*-
948 4404 1041 4424 a—
