3200 4784
619 381 770 472 Linou
802 347 1061 460 recounosi
1323 411 1367 486 pp

292 558 372 622 tort
396 543 435 620 uz
456 563 527 619 vor
548 546 690 620 eumin
714 545 924 628 haereditate
945 543 1006 618 irbi
1026 565 1046 617 a
1069 557 1170 637 patre
1185 547 1363 646 concern,

290 647 459 736 fraudare
485 648 683 734 laboratis,
717 646 800 720 dum
825 644 959 717 Africa
985 658 1119 736 partem
1146 649 1362 744 conceditis,

292 748 327 820 ἃ
345 762 466 820 totum
482 761 655 821 terrarum
673 747 822 839 orbem,
849 746 909 837 qui
926 747 958 818 ei
976 765 994 816 a
1012 759 1114 837 patre
1127 746 1281 824 donatus
1297 749 1363 844 est,

291 845 489 941 denegatis.
754 861 759 934 ζ

367 946 466 1041 Quid
481 944 688 1025 mendacem
709 944 834 1022 videre
849 941 959 1014 vultis
980 940 1149 1034 Spiritum
1165 941 1358 1021 Sannum?

291 1047 351 1136 qui
377 1048 415 1116 in
438 1044 701 1138 quadragefimo
727 1042 861 1116 ottavo
886 1040 1046 1130 Psalmo,
1082 1039 1358 1134 Omnipotentir

289 1145 365 1222 Dei
384 1146 677 1218 benevolentiam
697 1158 839 1232 narrat,
867 1142 948 1214 dum
969 1144 1079 1214 dicit:
1108 1141 1197 1213 Deus
1220 1152 1356 1218 Deorum

290 1249 454 1316 Dominus
466 1246 584 1315 locutu,
603 1244 659 1339 est,
676 1243 714 1318 U
732 1249 863 1312 vucavit
878 1256 1013 1326 terram,
1033 1242 1068 1310 ab
1085 1262 1158 1314 ortu
1166 1243 1243 1329 solis
1259 1270 1356 1341 usque

277 1348 330 1428 ,ad
349 1325 510 1428 veroium-
533 1345 681 1417 Vocata
701 1341 752 1413 eii
765 1361 852 1435 ergo
873 1354 988 1431 terra,
1013 1355 1054 1410 ut
1069 1362 1154 1414 caro
1174 1340 1294 1430 fieret,
1322 1345 1356 1416 ὰ

285 1447 377 1520 ficut
394 1445 544 1538 legitur,
571 1440 661 1514 facta
677 1440 745 1524 est,
770 1441 926 1514 &debet
941 1440 1062 1515 laudes
1079 1443 1235 1510 creatori
1255 1441 1328 1515 suo.
1354 1535 1357 1540 Ι

365 1544 533 1634 Denique
567 1553 901 1628 commemoratur,
940 1536 1073 1632 Spiritu
1104 1538 1234 1610 Sanno
1269 1542 1354 1614 hor·
1386 1569 1388 1574 ·

286 1654 414 1734 tante,
441 1644 654 1731 &dicento,
680 1640 717 1711 in
734 1638 840 1714 CXIl.
858 1637 1017 1729 Psalmo,
1040 1638 1122 1714 dum
1139 1639 1243 1725 dicit,
1267 1645 1354 1712 Lau-

288 1744 429 1822 dandum
449 1766 566 1810 nomen·
580 1746 709 1816 Domini
722 1739 765 1808 ub'
779 1755 852 1814 ortu
863 1739 937 1825 sniis
954 1764 1048 1834 utque
1064 1739 1103 1808 ad
1121 1740 1265 1827 rocosum.
1305 1738 1359 1814 En

284 1841 422 1912 iterum
440 1841 476 1911 in
493 1839 613 1912 XCV.·
626 1838 700 1912 Ps.:
736 1842 874 1910 Contere
890 1843 1028 1908 Domino
1048 1842 1204 1908 canticum
1223 1864 1352 1917 nuruum.

271 1938 328 2034 ,si
353 1940 449 2009 hunc
468 1938 608 2012 versum
628 1937 741 2025 solum
757 1939 910 2029 diceret,
938 1936 1084 2030 possetis
1098 1938 1239 2029 dicere,
1271 1942 1353 2032 quia

252 2041 255 2046 '
283 2058 359 2107 vos
381 2035 478 2109 solos
495 2038 659 2110 hortatus
681 2037 732 2110 est
745 2038 896 2129 Spiritus
914 2037 948 2112 S.
990 2035 1058 2118 sed
1074 2050 1114 2108 ut
1132 2036 1351 2120 ostenderet,
1380 2087 1383 2092 -

264 2138 370 2226 ¹quia
394 2157 469 2208 non
491 2137 534 2208 ad
557 2159 626 2210 vos
648 2136 744 2210 solos
765 2135 895 2210 dietum
917 2135 983 2210 est:
1009 2134 1067 2210 sed
1083 2137 1126 2210 ad
1142 2135 1351 2233 Ecclesiam,

286 2255 368 2325 quae
387 2233 520 2326 ubique
539 2235 590 2308 est
599 2289 621 2328 „
646 2235 788 2330 secutos
812 2237 863 2312 est
884 2237 1016 2312 dicens.
1057 2240 1351 2314 cantateflnuino

235 2349 238 2364 '
284 2339 391 2410 oiunis
417 2351 521 2407 terra:
552 2344 769 2430 pronuntiate·
786 2339 988 2430 ingentibus
1010 2339 1143 2430 gloriam
1168 2338 1278 2432 ipfius,
1311 2344 1350 2409 in

235 2441 238 2470 '
283 2433 428 2505 omnibus
442 2436 566 2530 pupulis
583 2437 742 2512 mirabilia
757 2441 834 2533 ejus.
890 2440 1120 2523 Pronuntiare,
1132 2507 1134 2512 ,
1148 2438 1283 2528 iuquit,
1311 2443 1351 2514 in.

280 2533 450 2627 gentibus:
486 2555 563 2608 non
587 2531 737 2610 dixitssin
758 2536 920 2632 particula
944 2536 1081 2629 Africo,
1113 2537 1169 2608 uir
1190 2562 1243 2604 vos
1265 2537 1347 2630 estis.

283 2636 522 2720 Pronuntiare,
555 2637 692 2728 inquit,
723 2643 761 2706 in
785 2637 927 2706 omnibus
947 2631 1089 2732 populis:
1126 2637 1198 2730 Qui
1223 2629 1348 2710 ornnes

273 2736 445 2828 *populos
463 2735 578 2824 -dixit,
612 2737 791 2808 neminem
813 2735 967 2823 excepit.
1023 2731 1069 2806 Et
1092 2753 1160 2803 vos
1184 2732 1280 2804 solos
1305 2736 1347 2807 ab

282 2834 451 2918 omnibus
475 2834 644 2924 populis,
671 2835 715 2904 de
734 2835 862 2922 quibus
881 2832 956 2904 hoc
976 2831 1178 2906 mandatum
1204 2832 1272 2924 est,
1289 2833 1348 2906 ¹ie·

280 2946 431 3026 paratos
448 2952 519 3002 vos
535 2929 605 3002 effe
619 2933 851 3026 gratulamini.
890 2929 938 3002 Et
954 2933 1063 3004 vultis
1079 2931 1149 3004 irus
1161 2930 1262 3005 solos
1279 2933 1348 3007 effu

281 3044 427 3122 totum,
456 3032 568 3121 quiin
585 3032 685 3120 omni
703 3043 787 3104 tuto
802 3051 879 3105 non
896 3032 988 3105 estis.
1025 3035 1270 3118 Laudantem,
1296 3035 1348 3106 iu·

283 3132 384 3222 quit,
409 3155 521 3200 nomen
542 3135 700 3214 Domini,
726 3159 746 3202 o
769 3149 837 3204 toto
859 3149 966 3217 terro,
993 3130 1029 3205 (5
1048 3133 1085 3201 ab
1103 3149 1175 3202 ortu
1191 3133 1268 3220 solis
1292 3158 1345 3201 us-

282 3253 344 3325 que
368 3233 408 3299 ad
432 3232 575 3316 occasum.
640 3231 816 3322 Numquid
846 3232 972 3327 Pagani
1008 3234 1240 3326 extralegales
1268 3233 1346 3325 pos-

282 3327 367 3404 sunt
381 3343 443 3402 aut
459 3343 603 3402 cantare
618 3331 718 3423 Deo,
736 3347 797 3404 aut
813 3333 957 3404 laudare
973 3351 1107 3403 nomen
1121 3332 1293 3422 Domini,
1313 3331 1348 3402 iit

281 3447 363 3503 non
389 3426 463 3500 sola
485 3426 664 3520 Ecciesra,
698 3452 774 3522 quae
801 3434 838 3502 in
862 3434 940 3525 lege
962 3429 1037 3502 cst?
1072 3452 1175 3520 quam
1204 3430 1226 3502 sr
1254 3429 1346 3522 apud

280 3548 357 3600 vos
383 3528 633 3601 tantummodo
660 3530 730 3602 effe
757 3530 900 3618 dicitis,
940 3529 1115 3612 fraudatis,
1137 3550 1238 3600 aures
1263 3529 1346 3602 Dei,

284 3626 325 3700 Si
349 3647 419 3698 vos
444 3625 508 3699 soii
531 3628 703 3719 laudatis,
731 3643 831 3700 totus
852 3629 985 3698 tacebit
1010 3629 1132 3718 orbis,
1160 3627 1217 3715 qui
1235 3626 1284 3699 est
1304 3628 1347 3699 ab

260 3738 378 3820 forto
397 3724 478 3798 solis
496 3730 668 3814 usquead
686 3725 862 3803 occasum.
915 3725 1087 3798 Ciausrstis
1106 3746 1171 3796 ora
1191 3728 1350 3799 omnium

286 3822 563 3900 Christianarum
594 3826 775 3919 gentium:
810 3824 982 3898 indixistis
1008 3824 1179 3897 silentium
1204 3829 1349 3919 populis

286 3924 485 4016 universis,
510 3926 630 3998 Deum
655 3943 719 4017 per
741 3940 923 3998 momenta
948 3925 1091 4004 laudare
1110 3927 1348 4018 cupientibus.

284 4021 402 4121 Igitur
426 4023 452 4098 s1
477 4016 510 4100 &
533 4025 636 4102 Deus
660 4023 797 4116 debitae
820 4025 882 4096 sibi
904 4024 1025 4100 laudes
1048 4025 1229 4122 expectat,
1257 4024 1350 4098 &ut

809 4122 891 4222 Bu,
1165 4123 1322 4214 Sonent,
