<?xml version="1.0" encoding="UTF-8"?>
<!DOCTYPE html PUBLIC "-//W3C//DTD XHTML 1.0 Transitional//EN"
    "http://www.w3.org/TR/xhtml1/DTD/xhtml1-transitional.dtd">
<html xmlns="http://www.w3.org/1999/xhtml" xml:lang="en" lang="en">
 <head>
  <title>
</title>
<meta http-equiv="Content-Type" content="text/html;charset=utf-8" />
  <meta name='ocr-system' content='tesseract 3.04.00' />
  <meta name='ocr-capabilities' content='ocr_page ocr_carea ocr_par ocr_line ocrx_word'/>
</head>
<body>
  <div class='ocr_page' id='page_1' title='image "./operaomniasanct06librgoog_0132.png"; bbox 0 0 3200 4784; ppageno 0'>
   <div class='ocr_carea' id='block_1_1' title="bbox 529 402 1936 498">
    <p class='ocr_par' dir='ltr' id='par_1_1' title="bbox 529 402 1936 498">
     <span class='ocr_line' id='line_1_1' title="bbox 529 402 1936 498; baseline 0.001 -19"><span class='ocrx_word' id='word_1_1' title='bbox 529 423 631 498; x_wconf 75' lang='lat'><strong>74</strong></span> <span class='ocrx_word' id='word_1_2' title='bbox 1248 403 1632 480; x_wconf 65' lang='lat' dir='ltr'><strong>Oea-An</strong></span> <span class='ocrx_word' id='word_1_3' title='bbox 1699 402 1936 481; x_wconf 80' lang='lat' dir='ltr'><strong>Anu</strong></span> 
     </span>
    </p>
   </div>
   <div class='ocr_carea' id='block_1_2' title="bbox 496 561 2654 2752">
    <p class='ocr_par' dir='ltr' id='par_1_2' title="bbox 521 561 2654 758">
     <span class='ocr_line' id='line_1_2' title="bbox 521 561 2654 663; baseline 0.002 -25"><span class='ocrx_word' id='word_1_4' title='bbox 521 561 973 656; x_wconf 80' lang='lat' dir='ltr'><strong>serpentibus</strong></span> <span class='ocrx_word' id='word_1_5' title='bbox 996 580 1542 657; x_wconf 84' lang='lat' dir='ltr'><strong>corrumperent</strong></span> <span class='ocrx_word' id='word_1_6' title='bbox 1561 563 1728 638; x_wconf 86' lang='lat' dir='ltr'><strong>fidei</strong></span> <span class='ocrx_word' id='word_1_7' title='bbox 1749 566 2158 654; x_wconf 77' lang='lat' dir='ltr'><strong>sanitatem3</strong></span> <span class='ocrx_word' id='word_1_8' title='bbox 2183 573 2268 640; x_wconf 87' lang='lat' dir='ltr'><strong>ut</strong></span> <span class='ocrx_word' id='word_1_9' title='bbox 2282 563 2654 663; x_wconf 77' lang='lat' dir='ltr'><strong>Marcion,</strong></span> 
     </span>
     <span class='ocr_line' id='line_1_3' title="bbox 525 663 2648 760; baseline 0.002 -23"><span class='ocrx_word' id='word_1_10' title='bbox 525 667 647 757; x_wconf 85' lang='lat' dir='ltr'><strong>qui</strong></span> <span class='ocrx_word' id='word_1_11' title='bbox 671 687 761 738; x_wconf 88' lang='lat' dir='ltr'><strong>ex</strong></span> <span class='ocrx_word' id='word_1_12' title='bbox 784 664 1144 758; x_wconf 82' lang='lat' dir='ltr'>Episc&#39;opo</span> <span class='ocrx_word' id='word_1_13' title='bbox 1164 666 1509 756; x_wconf 85' lang='lat' dir='ltr'><strong>Apostata</strong></span> <span class='ocrx_word' id='word_1_14' title='bbox 1532 665 1783 758; x_wconf 63' lang='lat' dir='ltr'><strong>faetus»,</strong></span> <span class='ocrx_word' id='word_1_15' title='bbox 1802 668 2188 739; x_wconf 84' lang='lat' dir='ltr'><strong>inducebat</strong></span> <span class='ocrx_word' id='word_1_16' title='bbox 2208 667 2393 740; x_wconf 88' lang='lat' dir='ltr'><strong>duos</strong></span> <span class='ocrx_word' id='word_1_17' title='bbox 2413 663 2648 760; x_wconf 70' lang='lat' dir='ltr'><strong>Deos,</strong></span> 
     </span>
    </p>

    <p class='ocr_par' dir='ltr' id='par_1_3' title="bbox 496 762 2651 2150">
     <span class='ocr_line' id='line_1_4' title="bbox 523 762 2648 859; baseline 0.002 -23"><span class='ocrx_word' id='word_1_18' title='bbox 523 764 593 837; x_wconf 72' lang='grc' dir='ltr'><strong>δι</strong></span> <span class='ocrx_word' id='word_1_19' title='bbox 649 765 832 838; x_wconf 85' lang='lat' dir='ltr'><strong>duos</strong></span> <span class='ocrx_word' id='word_1_20' title='bbox 875 762 1232 839; x_wconf 84' lang='lat' dir='ltr'><strong>Christos:</strong></span> <span class='ocrx_word' id='word_1_21' title='bbox 1303 779 1385 837; x_wconf 87' lang='lat' dir='ltr'><strong>ut</strong></span> <span class='ocrx_word' id='word_1_22' title='bbox 1424 763 1754 838; x_wconf 81' lang='lat' dir='ltr'><strong>Praxeas</strong></span> <span class='ocrx_word' id='word_1_23' title='bbox 1756 818 1783 856; x_wconf 78' lang='grc'>,</span> <span class='ocrx_word' id='word_1_24' title='bbox 1849 767 1968 857; x_wconf 89' lang='lat' dir='ltr'><strong>qui</strong></span> <span class='ocrx_word' id='word_1_25' title='bbox 2028 771 2648 859; x_wconf 80' lang='lat' dir='ltr'><strong>argumentabatur</strong></span> 
     </span>
     <span class='ocr_line' id='line_1_5' title="bbox 520 861 2646 963; baseline 0.002 -28"><span class='ocrx_word' id='word_1_26' title='bbox 520 881 799 963; x_wconf 84' lang='lat' dir='ltr'><strong>patrem</strong></span> <span class='ocrx_word' id='word_1_27' title='bbox 844 863 1105 956; x_wconf 76' lang='lat' dir='ltr'><strong>pass&#39;um</strong></span> <span class='ocrx_word' id='word_1_28' title='bbox 1142 861 1328 952; x_wconf 80' lang='lat' dir='ltr'><strong>effe,</strong></span> <span class='ocrx_word' id='word_1_29' title='bbox 1379 885 1531 936; x_wconf 88' lang='lat' dir='ltr'><strong>non</strong></span> <span class='ocrx_word' id='word_1_30' title='bbox 1564 863 1824 939; x_wconf 87' lang='lat' dir='ltr'><strong>filium.</strong></span> <span class='ocrx_word' id='word_1_31' title='bbox 1887 879 1970 938; x_wconf 89' lang='lat' dir='ltr'><strong>ut</strong></span> <span class='ocrx_word' id='word_1_32' title='bbox 1995 867 2473 959; x_wconf 66' lang='lat' dir='ltr'><strong>Valentinus»,</strong></span> <span class='ocrx_word' id='word_1_33' title='bbox 2525 871 2646 958; x_wconf 88' lang='lat' dir='ltr'><strong>qui</strong></span> 
     </span>
     <span class='ocr_line' id='line_1_6' title="bbox 523 959 2650 1042; baseline 0.001 -4"><span class='ocrx_word' id='word_1_34' title='bbox 523 966 928 1038; x_wconf 79' lang='lat' dir='ltr'><strong>conabatur</strong></span> <span class='ocrx_word' id='word_1_35' title='bbox 986 983 1268 1042; x_wconf 87' lang='lat' dir='ltr'><strong>carnem</strong></span> <span class='ocrx_word' id='word_1_36' title='bbox 1317 961 1601 1037; x_wconf 85' lang='lat' dir='ltr'>Christo</span> <span class='ocrx_word' id='word_1_37' title='bbox 1653 962 2070 1040; x_wconf 85' lang='lat' dir='ltr'><strong>subducere.</strong></span> <span class='ocrx_word' id='word_1_38' title='bbox 2201 963 2488 1040; x_wconf 87' lang='lat' dir='ltr'><strong>Horum</strong></span> <span class='ocrx_word' id='word_1_39' title='bbox 2545 959 2650 1040; x_wconf 81' lang='lat' dir='ltr'><strong>est</strong></span> 
     </span>
     <span class='ocr_line' id='line_1_7' title="bbox 520 1059 2648 1154; baseline -0.001 -14"><span class='ocrx_word' id='word_1_40' title='bbox 520 1065 789 1146; x_wconf 88' lang='lat' dir='ltr'><strong>sermo,</strong></span> <span class='ocrx_word' id='word_1_41' title='bbox 840 1066 956 1154; x_wconf 85' lang='lat' dir='ltr'><strong>qui</strong></span> <span class='ocrx_word' id='word_1_42' title='bbox 987 1065 1234 1144; x_wconf 88' lang='lat' dir='ltr'><strong>habuit</strong></span> <span class='ocrx_word' id='word_1_43' title='bbox 1275 1083 1608 1138; x_wconf 90' lang='lat' dir='ltr'><strong>cancrum</strong></span> <span class='ocrx_word' id='word_1_44' title='bbox 1641 1065 1726 1138; x_wconf 87' lang='lat' dir='ltr'><strong>ad</strong></span> <span class='ocrx_word' id='word_1_45' title='bbox 1759 1059 1922 1137; x_wconf 84' lang='lat' dir='ltr'><strong>fidei</strong></span> <span class='ocrx_word' id='word_1_46' title='bbox 1953 1066 2268 1138; x_wconf 85' lang='lat' dir='ltr'><strong>membra</strong></span> <span class='ocrx_word' id='word_1_47' title='bbox 2295 1067 2648 1141; x_wconf 82' lang='lat' dir='ltr'><strong>vexanda.</strong></span> 
     </span>
     <span class='ocr_line' id='line_1_8' title="bbox 521 1160 2651 1260; baseline 0 -22"><span class='ocrx_word' id='word_1_48' title='bbox 521 1163 751 1238; x_wconf 80' lang='lat' dir='ltr'><strong>Talis</strong></span> <span class='ocrx_word' id='word_1_49' title='bbox 770 1160 1001 1236; x_wconf 80' lang='lat' dir='ltr'><strong>sermo</strong></span> <span class='ocrx_word' id='word_1_50' title='bbox 1047 1162 1147 1235; x_wconf 85' lang='lat' dir='ltr'><strong>est</strong></span> <span class='ocrx_word' id='word_1_51' title='bbox 1192 1165 1259 1234; x_wconf 73' lang='grc' dir='ltr'><strong>δι</strong></span> <span class='ocrx_word' id='word_1_52' title='bbox 1304 1162 1677 1253; x_wconf 83' lang='lat' dir='ltr'><strong>Scorpiani</strong></span> <span class='ocrx_word' id='word_1_53' title='bbox 1727 1165 2044 1236; x_wconf 69' lang='lat' dir='ltr'><strong>haeretici</strong></span> <span class='ocrx_word' id='word_1_54' title='bbox 2076 1217 2101 1253; x_wconf 84' lang='lat'>‚</span> <span class='ocrx_word' id='word_1_55' title='bbox 2173 1166 2292 1254; x_wconf 75' lang='lat' dir='ltr'><strong>qui</strong></span> <span class='ocrx_word' id='word_1_56' title='bbox 2339 1168 2651 1260; x_wconf 86' lang='lat' dir='ltr'><strong>negabat</strong></span> 
     </span>
     <span class='ocr_line' id='line_1_9' title="bbox 523 1259 2645 1355; baseline 0 -17"><span class='ocrx_word' id='word_1_57' title='bbox 523 1263 791 1338; x_wconf 86' lang='lat' dir='ltr'><strong>debere</strong></span> <span class='ocrx_word' id='word_1_58' title='bbox 818 1261 957 1334; x_wconf 88' lang='lat' dir='ltr'><strong>esse</strong></span> <span class='ocrx_word' id='word_1_59' title='bbox 986 1263 1357 1354; x_wconf 82' lang='lat' dir='ltr'><strong>martyria:</strong></span> <span class='ocrx_word' id='word_1_60' title='bbox 1414 1261 1681 1335; x_wconf 89' lang='lat' dir='ltr'><strong>scilicet</strong></span> <span class='ocrx_word' id='word_1_61' title='bbox 1709 1284 1994 1336; x_wconf 88' lang='lat' dir='ltr'><strong>venena</strong></span> <span class='ocrx_word' id='word_1_62' title='bbox 2021 1262 2137 1335; x_wconf 90' lang='lat' dir='ltr'><strong>sua</strong></span> <span class='ocrx_word' id='word_1_63' title='bbox 2166 1259 2292 1336; x_wconf 82' lang='lat' dir='ltr'><strong>fibi</strong></span> <span class='ocrx_word' id='word_1_64' title='bbox 2323 1262 2645 1355; x_wconf 79' lang='lat' dir='ltr'><strong>servent,</strong></span> 
     </span>
     <span class='ocr_line' id='line_1_10' title="bbox 518 1362 2648 1458; baseline 0.001 -21"><span class='ocrx_word' id='word_1_65' title='bbox 518 1384 658 1438; x_wconf 85' lang='lat' dir='ltr'><strong>nec</strong></span> <span class='ocrx_word' id='word_1_66' title='bbox 690 1381 941 1436; x_wconf 83' lang='lat' dir='ltr'><strong>eorum</strong></span> <span class='ocrx_word' id='word_1_67' title='bbox 974 1365 1229 1434; x_wconf 85' lang='lat' dir='ltr'><strong>relatio</strong></span> <span class='ocrx_word' id='word_1_68' title='bbox 1265 1362 1673 1435; x_wconf 79' lang='lat' dir='ltr'><strong>auditorum</strong></span> <span class='ocrx_word' id='word_1_69' title='bbox 1709 1362 2113 1436; x_wconf 67' lang='lat' dir='ltr'><strong>inteneetus</strong></span> <span class='ocrx_word' id='word_1_70' title='bbox 2144 1363 2489 1458; x_wconf 81' lang='lat' dir='ltr'><strong>fimplices</strong></span> <span class='ocrx_word' id='word_1_71' title='bbox 2525 1367 2648 1439; x_wconf 91' lang='lat' dir='ltr'><strong>vel</strong></span> 
     </span>
     <span class='ocr_line' id='line_1_11' title="bbox 516 1461 2642 1557; baseline -0.002 -18"><span class='ocrx_word' id='word_1_72' title='bbox 516 1465 782 1540; x_wconf 86' lang='lat' dir='ltr'><strong>leviter</strong></span> <span class='ocrx_word' id='word_1_73' title='bbox 808 1475 1053 1536; x_wconf 83' lang='lat' dir='ltr'><strong>vexet.</strong></span> <span class='ocrx_word' id='word_1_74' title='bbox 1178 1462 1405 1552; x_wconf 89' lang='lat' dir='ltr'><strong>Hujus</strong></span> <span class='ocrx_word' id='word_1_75' title='bbox 1442 1463 1658 1557; x_wconf 87' lang='lat' dir='ltr'><strong>igitur</strong></span> <span class='ocrx_word' id='word_1_76' title='bbox 1697 1461 1926 1534; x_wconf 88' lang='lat' dir='ltr'><strong>sermo</strong></span> <span class='ocrx_word' id='word_1_77' title='bbox 1959 1462 2096 1549; x_wconf 84' lang='lat' dir='ltr'><strong>est,</strong></span> <span class='ocrx_word' id='word_1_78' title='bbox 2151 1467 2269 1555; x_wconf 87' lang='lat' dir='ltr'><strong>qui</strong></span> <span class='ocrx_word' id='word_1_79' title='bbox 2303 1464 2642 1536; x_wconf 86' lang='lat' dir='ltr'><strong>vitandus</strong></span> 
     </span>
     <span class='ocr_line' id='line_1_12' title="bbox 496 1560 2644 1652; baseline -0 -16"><span class='ocrx_word' id='word_1_80' title='bbox 496 1562 665 1652; x_wconf 79' lang='lat' dir='ltr'><strong>¹est,</strong></span> <span class='ocrx_word' id='word_1_81' title='bbox 732 1583 826 1634; x_wconf 87' lang='lat' dir='ltr'><strong>ne</strong></span> <span class='ocrx_word' id='word_1_82' title='bbox 874 1560 1103 1652; x_wconf 87' lang='lat' dir='ltr'><strong>serpat</strong></span> <span class='ocrx_word' id='word_1_83' title='bbox 1144 1561 1321 1636; x_wconf 88' lang='lat' dir='ltr'><strong>ficut</strong></span> <span class='ocrx_word' id='word_1_84' title='bbox 1369 1581 1691 1635; x_wconf 86' lang='lat' dir='ltr'><strong>cancer..</strong></span> <span class='ocrx_word' id='word_1_85' title='bbox 1762 1560 2051 1634; x_wconf 59' lang='lat' dir='ltr'><strong>Dietum</strong></span> <span class='ocrx_word' id='word_1_86' title='bbox 2095 1561 2197 1634; x_wconf 87' lang='lat' dir='ltr'><strong>est</strong></span> <span class='ocrx_word' id='word_1_87' title='bbox 2242 1564 2389 1636; x_wconf 88' lang='lat' dir='ltr'><strong>hoc</strong></span> <span class='ocrx_word' id='word_1_88' title='bbox 2437 1562 2504 1636; x_wconf 76' lang='grc' dir='ltr'><strong>δι</strong></span> <span class='ocrx_word' id='word_1_89' title='bbox 2551 1564 2644 1635; x_wconf 88' lang='lat' dir='ltr'><strong>de</strong></span> 
     </span>
     <span class='ocr_line' id='line_1_13' title="bbox 516 1657 2644 1749; baseline -0.001 -13"><span class='ocrx_word' id='word_1_90' title='bbox 516 1657 746 1748; x_wconf 80' lang='lat' dir='ltr'><strong>Ario,</strong></span> <span class='ocrx_word' id='word_1_91' title='bbox 820 1661 935 1749; x_wconf 81' lang='lat' dir='ltr'><strong>qui</strong></span> <span class='ocrx_word' id='word_1_92' title='bbox 972 1661 1367 1732; x_wconf 85' lang='lat' dir='ltr'><strong>conabatur</strong></span> <span class='ocrx_word' id='word_1_93' title='bbox 1398 1661 1668 1733; x_wconf 86' lang='lat' dir='ltr'><strong>docere</strong></span> <span class='ocrx_word' id='word_1_94' title='bbox 1693 1657 1916 1734; x_wconf 89' lang='lat' dir='ltr'><strong>filium</strong></span> <span class='ocrx_word' id='word_1_95' title='bbox 1949 1661 2082 1734; x_wconf 85' lang='lat' dir='ltr'><strong>Dei</strong></span> <span class='ocrx_word' id='word_1_96' title='bbox 2117 1683 2208 1734; x_wconf 85' lang='lat' dir='ltr'><strong>ex</strong></span> <span class='ocrx_word' id='word_1_97' title='bbox 2240 1664 2453 1734; x_wconf 85' lang='lat' dir='ltr'><strong>nullis</strong></span> <span class='ocrx_word' id='word_1_98' title='bbox 2481 1660 2644 1734; x_wconf 85' lang='lat' dir='ltr'><strong>sub-</strong></span> 
     </span>
     <span class='ocr_line' id='line_1_14' title="bbox 514 1757 2641 1855; baseline -0.003 -17"><span class='ocrx_word' id='word_1_99' title='bbox 514 1761 787 1838; x_wconf 83' lang='lat' dir='ltr'><strong>stantiis</strong></span> <span class='ocrx_word' id='word_1_100' title='bbox 829 1758 1087 1832; x_wconf 62' lang='lat' dir='ltr'><strong>fafitum</strong></span> <span class='ocrx_word' id='word_1_101' title='bbox 1140 1757 1323 1841; x_wconf 86' lang='lat' dir='ltr'><strong>esse,</strong></span> <span class='ocrx_word' id='word_1_102' title='bbox 1388 1779 1539 1831; x_wconf 91' lang='lat' dir='ltr'><strong>non</strong></span> <span class='ocrx_word' id='word_1_103' title='bbox 1582 1781 1676 1832; x_wconf 84' lang='lat' dir='ltr'><strong>ex</strong></span> <span class='ocrx_word' id='word_1_104' title='bbox 1721 1760 1890 1832; x_wconf 85' lang='lat' dir='ltr'><strong>Deo</strong></span> <span class='ocrx_word' id='word_1_105' title='bbox 1936 1775 2217 1834; x_wconf 88' lang='lat' dir='ltr'><strong>natum:</strong></span> <span class='ocrx_word' id='word_1_106' title='bbox 2272 1763 2474 1855; x_wconf 88' lang='lat' dir='ltr'><strong>cujus</strong></span> <span class='ocrx_word' id='word_1_107' title='bbox 2511 1761 2641 1833; x_wconf 84' lang='lat' dir='ltr'><strong>do-</strong></span> 
     </span>
     <span class='ocr_line' id='line_1_15' title="bbox 520 1857 2638 1949; baseline 0 -15"><span class='ocrx_word' id='word_1_108' title='bbox 520 1859 780 1949; x_wconf 72' lang='lat' dir='ltr'><strong>&amp;rina‚</strong></span> <span class='ocrx_word' id='word_1_109' title='bbox 816 1861 935 1932; x_wconf 69' lang='lat' dir='ltr'><strong>nist</strong></span> <span class='ocrx_word' id='word_1_110' title='bbox 964 1858 1267 1931; x_wconf 82' lang='lat' dir='ltr'><strong>Nicaeno</strong></span> <span class='ocrx_word' id='word_1_111' title='bbox 1292 1857 1628 1932; x_wconf 83' lang='lat' dir='ltr'>Concilio</span> <span class='ocrx_word' id='word_1_112' title='bbox 1657 1881 1695 1931; x_wconf 89' lang='lat' dir='ltr'><strong>a</strong></span> <span class='ocrx_word' id='word_1_113' title='bbox 1717 1862 2056 1932; x_wconf 83' lang='lat' dir='ltr'><strong>trecentis</strong></span> <span class='ocrx_word' id='word_1_114' title='bbox 2084 1861 2335 1933; x_wconf 85' lang='lat' dir='ltr'><strong>decem</strong></span> <span class='ocrx_word' id='word_1_115' title='bbox 2373 1861 2439 1933; x_wconf 89' lang='lat'>&amp;</span> <span class='ocrx_word' id='word_1_116' title='bbox 2465 1859 2638 1935; x_wconf 71' lang='grc' dir='ltr'><strong>οᾶο</strong></span> 
     </span>
     <span class='ocr_line' id='line_1_16' title="bbox 513 1958 2646 2070; baseline 0 -38"><span class='ocrx_word' id='word_1_117' title='bbox 513 1959 890 2070; x_wconf 82' lang='lat' dir='ltr'>Episcopis</span> <span class='ocrx_word' id='word_1_118' title='bbox 928 1959 1404 2053; x_wconf 86' lang='lat' dir='ltr'><strong>diffiparetur‚</strong></span> <span class='ocrx_word' id='word_1_119' title='bbox 1473 1958 1767 2053; x_wconf 63' lang='lat' dir='ltr'><strong>pefitora</strong></span> <span class='ocrx_word' id='word_1_120' title='bbox 1819 1962 2211 2032; x_wconf 88' lang='lat' dir='ltr'><strong>multorum</strong></span> <span class='ocrx_word' id='word_1_121' title='bbox 2260 1959 2442 2032; x_wconf 91' lang='lat' dir='ltr'><strong>ficut</strong></span> <span class='ocrx_word' id='word_1_122' title='bbox 2479 1981 2646 2033; x_wconf 86' lang='lat' dir='ltr'><strong>can·</strong></span> 
     </span>
     <span class='ocr_line' id='line_1_17' title="bbox 517 2045 2645 2150; baseline -0 -19"><span class='ocrx_word' id='word_1_123' title='bbox 517 2080 644 2132; x_wconf 84' lang='lat' dir='ltr'><strong>cer</strong></span> <span class='ocrx_word' id='word_1_124' title='bbox 673 2045 1108 2133; x_wconf 84' lang='lat' dir='ltr'><strong>intraverat.</strong></span> <span class='ocrx_word' id='word_1_125' title='bbox 1212 2057 1496 2132; x_wconf 74' lang='grc' dir='ltr'>Βὶᾶιιω</span> <span class='ocrx_word' id='word_1_126' title='bbox 1543 2057 1644 2131; x_wconf 88' lang='lat' dir='ltr'><strong>est</strong></span> <span class='ocrx_word' id='word_1_127' title='bbox 1682 2059 1831 2132; x_wconf 88' lang='lat' dir='ltr'><strong>hoc</strong></span> <span class='ocrx_word' id='word_1_128' title='bbox 1861 2058 1935 2129; x_wconf 83' lang='lat'>&amp;</span> <span class='ocrx_word' id='word_1_129' title='bbox 1981 2059 2072 2131; x_wconf 89' lang='lat' dir='ltr'><strong>de</strong></span> <span class='ocrx_word' id='word_1_130' title='bbox 2102 2057 2422 2132; x_wconf 87' lang='lat' dir='ltr'><strong>Photino</strong></span> <span class='ocrx_word' id='word_1_131' title='bbox 2465 2079 2645 2150; x_wconf 84' lang='lat' dir='ltr'><strong>prae·</strong></span> 
     </span>
    </p>

    <p class='ocr_par' dir='ltr' id='par_1_4' title="bbox 514 2151 2639 2250">
     <span class='ocr_line' id='line_1_18' title="bbox 514 2151 2639 2250; baseline -0.003 -15"><span class='ocrx_word' id='word_1_132' title='bbox 514 2159 734 2236; x_wconf 82' lang='lat' dir='ltr'><strong>sentis</strong></span> <span class='ocrx_word' id='word_1_133' title='bbox 772 2160 1115 2250; x_wconf 86' lang='lat' dir='ltr'><strong>temporis</strong></span> <span class='ocrx_word' id='word_1_134' title='bbox 1151 2151 1533 2250; x_wconf 75' lang='lat' dir='ltr'><strong>haereticO,</strong></span> <span class='ocrx_word' id='word_1_135' title='bbox 1586 2161 1703 2248; x_wconf 82' lang='lat' dir='ltr'><strong>qui</strong></span> <span class='ocrx_word' id='word_1_136' title='bbox 1733 2157 1950 2230; x_wconf 84' lang='lat' dir='ltr'><strong>filium</strong></span> <span class='ocrx_word' id='word_1_137' title='bbox 1984 2159 2128 2232; x_wconf 86' lang='lat' dir='ltr'><strong>Dei</strong></span> <span class='ocrx_word' id='word_1_138' title='bbox 2169 2156 2368 2230; x_wconf 87' lang='lat' dir='ltr'><strong>ausus</strong></span> <span class='ocrx_word' id='word_1_139' title='bbox 2401 2157 2502 2232; x_wconf 90' lang='lat' dir='ltr'><strong>est</strong></span> <span class='ocrx_word' id='word_1_140' title='bbox 2538 2159 2639 2230; x_wconf 91' lang='lat' dir='ltr'><strong>di-</strong></span> 
     </span>
    </p>

    <p class='ocr_par' dir='ltr' id='par_1_5' title="bbox 515 2255 2640 2350">
     <span class='ocr_line' id='line_1_19' title="bbox 515 2255 2640 2350; baseline -0.001 -18"><span class='ocrx_word' id='word_1_141' title='bbox 515 2279 726 2350; x_wconf 78' lang='lat' dir='ltr'><strong>cere,</strong></span> <span class='ocrx_word' id='word_1_142' title='bbox 766 2259 1271 2344; x_wconf 84' lang='lat' dir='ltr'><strong>tantummodo</strong></span> <span class='ocrx_word' id='word_1_143' title='bbox 1302 2258 1664 2338; x_wconf 83' lang='lat' dir='ltr'><strong>hominem</strong></span> <span class='ocrx_word' id='word_1_144' title='bbox 1696 2255 1936 2348; x_wconf 70' lang='lat' dir='ltr'><strong>fuisse,</strong></span> <span class='ocrx_word' id='word_1_145' title='bbox 1976 2279 2129 2330; x_wconf 89' lang='lat' dir='ltr'><strong>non</strong></span> <span class='ocrx_word' id='word_1_146' title='bbox 2159 2258 2422 2333; x_wconf 86' lang='lat' dir='ltr'><strong>Deum.</strong></span> <span class='ocrx_word' id='word_1_147' title='bbox 2499 2257 2640 2330; x_wconf 89' lang='lat' dir='ltr'><strong>Po·</strong></span> 
     </span>
    </p>

    <p class='ocr_par' dir='ltr' id='par_1_6' title="bbox 507 2353 2636 2649">
     <span class='ocr_line' id='line_1_20' title="bbox 513 2353 2636 2449; baseline -0.001 -17"><span class='ocrx_word' id='word_1_148' title='bbox 513 2363 657 2432; x_wconf 87' lang='lat' dir='ltr'><strong>tuit</strong></span> <span class='ocrx_word' id='word_1_149' title='bbox 700 2361 845 2432; x_wconf 81' lang='lat' dir='ltr'><strong>hoc</strong></span> <span class='ocrx_word' id='word_1_150' title='bbox 896 2358 963 2430; x_wconf 72' lang='grc' dir='ltr'>ἂ</span> <span class='ocrx_word' id='word_1_151' title='bbox 1008 2360 1098 2430; x_wconf 90' lang='lat' dir='ltr'><strong>de</strong></span> <span class='ocrx_word' id='word_1_152' title='bbox 1139 2358 1355 2429; x_wconf 89' lang='lat' dir='ltr'>vobis</span> <span class='ocrx_word' id='word_1_153' title='bbox 1402 2358 1585 2449; x_wconf 84' lang='lat' dir='ltr'><strong>dici,</strong></span> <span class='ocrx_word' id='word_1_154' title='bbox 1656 2359 1819 2449; x_wconf 88' lang='lat' dir='ltr'><strong>quia</strong></span> <span class='ocrx_word' id='word_1_155' title='bbox 1853 2353 2090 2429; x_wconf 86' lang='lat' dir='ltr'><strong>vester</strong></span> <span class='ocrx_word' id='word_1_156' title='bbox 2125 2353 2356 2429; x_wconf 86' lang='lat' dir='ltr'><strong>sermo</strong></span> <span class='ocrx_word' id='word_1_157' title='bbox 2386 2358 2636 2430; x_wconf 85' lang='lat' dir='ltr'><strong>animis</strong></span> 
     </span>
     <span class='ocr_line' id='line_1_21' title="bbox 511 2458 2642 2548; baseline -0.002 -16"><span class='ocrx_word' id='word_1_158' title='bbox 511 2460 583 2532; x_wconf 73' lang='grc' dir='ltr'><strong>ἃ</strong></span> <span class='ocrx_word' id='word_1_159' title='bbox 605 2461 886 2532; x_wconf 81' lang='lat' dir='ltr'><strong>auribus</strong></span> <span class='ocrx_word' id='word_1_160' title='bbox 921 2458 1319 2548; x_wconf 85' lang='lat' dir='ltr'><strong>aliquorum</strong></span> <span class='ocrx_word' id='word_1_161' title='bbox 1347 2476 1496 2529; x_wconf 90' lang='lat' dir='ltr'><strong>non</strong></span> <span class='ocrx_word' id='word_1_162' title='bbox 1523 2459 1762 2530; x_wconf 89' lang='lat' dir='ltr'><strong>levem</strong></span> <span class='ocrx_word' id='word_1_163' title='bbox 1791 2458 2034 2528; x_wconf 89' lang='lat' dir='ltr'><strong>intulit</strong></span> <span class='ocrx_word' id='word_1_164' title='bbox 2067 2475 2428 2533; x_wconf 80' lang='lat' dir='ltr'><strong>cancrum.</strong></span> <span class='ocrx_word' id='word_1_165' title='bbox 2491 2458 2642 2529; x_wconf 88' lang='lat' dir='ltr'><strong>Ve-</strong></span> 
     </span>
     <span class='ocr_line' id='line_1_22' title="bbox 507 2552 2636 2649; baseline -0.003 -12"><span class='ocrx_word' id='word_1_166' title='bbox 507 2558 652 2637; x_wconf 84' lang='lat' dir='ltr'><strong>ster</strong></span> <span class='ocrx_word' id='word_1_167' title='bbox 701 2561 890 2632; x_wconf 87' lang='lat' dir='ltr'><strong>enim</strong></span> <span class='ocrx_word' id='word_1_168' title='bbox 938 2558 1172 2631; x_wconf 85' lang='lat' dir='ltr'><strong>sermo</strong></span> <span class='ocrx_word' id='word_1_169' title='bbox 1227 2554 1364 2648; x_wconf 87' lang='lat' dir='ltr'><strong>est,</strong></span> <span class='ocrx_word' id='word_1_170' title='bbox 1418 2577 1631 2646; x_wconf 84' lang='lat' dir='ltr'><strong>quem</strong></span> <span class='ocrx_word' id='word_1_171' title='bbox 1685 2556 1772 2630; x_wconf 87' lang='lat' dir='ltr'><strong>ad</strong></span> <span class='ocrx_word' id='word_1_172' title='bbox 1820 2557 2016 2649; x_wconf 88' lang='lat' dir='ltr'><strong>pacis</strong></span> <span class='ocrx_word' id='word_1_173' title='bbox 2069 2552 2262 2628; x_wconf 86' lang='lat' dir='ltr'>filios</span> <span class='ocrx_word' id='word_1_174' title='bbox 2315 2557 2636 2632; x_wconf 87' lang='lat' dir='ltr'><strong>habetis·</strong></span> 
     </span>
    </p>

    <p class='ocr_par' dir='ltr' id='par_1_7' title="bbox 511 2654 2634 2752">
     <span class='ocr_line' id='line_1_23' title="bbox 511 2654 2634 2752; baseline -0.003 -19"><span class='ocrx_word' id='word_1_175' title='bbox 511 2659 679 2733; x_wconf 86' lang='lat' dir='ltr'><strong>dum</strong></span> <span class='ocrx_word' id='word_1_176' title='bbox 734 2659 1013 2747; x_wconf 88' lang='lat' dir='ltr'><strong>dicitis,</strong></span> <span class='ocrx_word' id='word_1_177' title='bbox 1077 2654 1381 2752; x_wconf 74' lang='lat' dir='ltr'><strong>periistis:</strong></span> <span class='ocrx_word' id='word_1_178' title='bbox 1444 2656 1762 2726; x_wconf 79' lang='lat' dir='ltr'><strong>attendite</strong></span> <span class='ocrx_word' id='word_1_179' title='bbox 1797 2655 1918 2751; x_wconf 72' lang='lat' dir='ltr'><strong>pqft</strong></span> <span class='ocrx_word' id='word_1_180' title='bbox 1957 2681 2103 2742; x_wconf 83' lang='lat' dir='ltr'><em>vos,</em></span> <span class='ocrx_word' id='word_1_181' title='bbox 2169 2661 2363 2750; x_wconf 76' lang='lat' dir='ltr'><strong>periit</strong></span> <span class='ocrx_word' id='word_1_182' title='bbox 2409 2662 2634 2727; x_wconf 79' lang='lat' dir='ltr'><em>anima</em></span> 
     </span>
    </p>
   </div>
   <div class='ocr_carea' id='block_1_3' title="bbox 384 2751 2635 2829">
    <p class='ocr_par' dir='ltr' id='par_1_8' title="bbox 384 2751 2635 2829">
     <span class='ocr_line' id='line_1_24' title="bbox 384 2751 2635 2829; baseline -0.001 0"><span class='ocrx_word' id='word_1_183' title='bbox 384 2765 393 2772; x_wconf 80' lang='grc'><strong>“</strong></span> <span class='ocrx_word' id='word_1_184' title='bbox 506 2785 590 2829; x_wconf 65' lang='lat' dir='ltr'><strong>ve</strong></span> <span class='ocrx_word' id='word_1_185' title='bbox 646 2785 718 2829; x_wconf 69' lang='lat' dir='ltr'><strong>rs:</strong></span> <span class='ocrx_word' id='word_1_186' title='bbox 822 2759 1074 2829; x_wconf 58' lang='lat' dir='ltr'><strong>:tamdiu</strong></span> <span class='ocrx_word' id='word_1_187' title='bbox 1140 2785 1250 2825; x_wconf 62' lang='grc' dir='ltr'><strong>ἐμπ</strong></span> <span class='ocrx_word' id='word_1_188' title='bbox 1324 2751 1787 2829; x_wconf 61' lang='lat' dir='ltr'><strong>ren2151381c</strong></span> <span class='ocrx_word' id='word_1_189' title='bbox 1847 2753 2107 2825; x_wconf 57' lang='lat' dir='ltr'><strong>fta-ciffis</strong></span> <span class='ocrx_word' id='word_1_190' title='bbox 2162 2756 2251 2825; x_wconf 75' lang='lat' dir='ltr'><strong>de</strong></span> <span class='ocrx_word' id='word_1_191' title='bbox 2304 2752 2635 2829; x_wconf 64' lang='lat' dir='ltr'><strong>fidelibus</strong></span> 
     </span>
    </p>
   </div>
   <div class='ocr_carea' id='block_1_4' title="bbox 468 2826 2724 4280">
    <p class='ocr_par' dir='ltr' id='par_1_9' title="bbox 468 2826 2724 4280">
     <span class='ocr_line' id='line_1_25' title="bbox 468 2826 2724 4280; baseline 0 0"><span class='ocrx_word' id='word_1_192' title='bbox 468 2826 2724 4280; x_wconf 95' lang='lat' dir='ltr'><strong> </strong></span> 
     </span>
    </p>
   </div>
  </div>
 </body>
</html>
