<?xml version="1.0" encoding="UTF-8"?>
<!DOCTYPE html PUBLIC "-//W3C//DTD XHTML 1.0 Transitional//EN"
    "http://www.w3.org/TR/xhtml1/DTD/xhtml1-transitional.dtd">
<html xmlns="http://www.w3.org/1999/xhtml" xml:lang="en" lang="en">
 <head>
  <title>
</title>
<meta http-equiv="Content-Type" content="text/html;charset=utf-8" />
  <meta name='ocr-system' content='tesseract 3.04.00' />
  <meta name='ocr-capabilities' content='ocr_page ocr_carea ocr_par ocr_line ocrx_word'/>
</head>
<body>
  <div class='ocr_page' id='page_1' title='image "./operaomniasanct06librgoog_0110.png"; bbox 0 0 3200 4784; ppageno 0'>
   <div class='ocr_carea' id='block_1_1' title="bbox 380 347 2209 476">
    <p class='ocr_par' dir='ltr' id='par_1_1' title="bbox 380 347 2209 476">
     <span class='ocr_line' id='line_1_1' title="bbox 380 347 2209 476; baseline -0.008 -9"><span class='ocrx_word' id='word_1_1' title='bbox 380 347 393 369; x_wconf 53' lang='grc'><strong>’</strong></span> <span class='ocrx_word' id='word_1_2' title='bbox 517 389 618 476; x_wconf 76' lang='grc'>48</span> <span class='ocrx_word' id='word_1_3' title='bbox 1208 375 1630 456; x_wconf 61' lang='grc' dir='ltr'>ΟιττΑτι</span> <span class='ocrx_word' id='word_1_4' title='bbox 1693 375 1964 460; x_wconf 78' lang='lat' dir='ltr'>Aru-</span> <span class='ocrx_word' id='word_1_5' title='bbox 2057 448 2062 454; x_wconf 86' lang='lat'>.</span> <span class='ocrx_word' id='word_1_6' title='bbox 2203 371 2209 376; x_wconf 80' lang='grc'><strong>’</strong></span> 
     </span>
    </p>
   </div>
   <div class='ocr_carea' id='block_1_2' title="bbox 504 539 2645 2820">
    <p class='ocr_par' dir='ltr' id='par_1_2' title="bbox 504 539 2645 2820">
     <span class='ocr_line' id='line_1_2' title="bbox 520 539 2642 624; baseline 0.003 -6"><span class='ocrx_word' id='word_1_7' title='bbox 520 542 691 618; x_wconf 87' lang='lat' dir='ltr'>dum</span> <span class='ocrx_word' id='word_1_8' title='bbox 710 539 911 614; x_wconf 87' lang='lat' dir='ltr'>Deus</span> <span class='ocrx_word' id='word_1_9' title='bbox 940 557 1100 616; x_wconf 84' lang='lat' dir='ltr'>cum</span> <span class='ocrx_word' id='word_1_10' title='bbox 1130 539 1392 614; x_wconf 92' lang='lat' dir='ltr'>dolore</span> <span class='ocrx_word' id='word_1_11' title='bbox 1422 539 1854 616; x_wconf 82' lang='lat' dir='ltr'>iracundiam</span> <span class='ocrx_word' id='word_1_12' title='bbox 1877 544 2090 617; x_wconf 85' lang='lat' dir='ltr'>vobis</span> <span class='ocrx_word' id='word_1_13' title='bbox 2119 542 2388 623; x_wconf 84' lang='lat' dir='ltr'>indicat</span> <span class='ocrx_word' id='word_1_14' title='bbox 2417 544 2642 624; x_wconf 85' lang='lat' dir='ltr'>suam:</span> 
     </span>
     <span class='ocr_line' id='line_1_3' title="bbox 510 635 2643 737; baseline 0.003 -21"><span class='ocrx_word' id='word_1_15' title='bbox 510 639 689 716; x_wconf 81' lang='lat' dir='ltr'>&#39;dum</span> <span class='ocrx_word' id='word_1_16' title='bbox 723 640 789 714; x_wconf 74' lang='grc' dir='ltr'>δι</span> <span class='ocrx_word' id='word_1_17' title='bbox 820 635 1053 713; x_wconf 85' lang='lat' dir='ltr'>causas</span> <span class='ocrx_word' id='word_1_18' title='bbox 1086 641 1369 735; x_wconf 84' lang='lat' dir='ltr'>prodit,</span> <span class='ocrx_word' id='word_1_19' title='bbox 1416 635 1481 712; x_wconf 84' lang='lat'>&amp;</span> <span class='ocrx_word' id='word_1_20' title='bbox 1517 641 1834 714; x_wconf 83' lang='lat' dir='ltr'>rationes</span> <span class='ocrx_word' id='word_1_21' title='bbox 1868 641 2200 720; x_wconf 90' lang='lat' dir='ltr'>ostendit.</span> <span class='ocrx_word' id='word_1_22' title='bbox 2309 645 2643 737; x_wconf 79' lang='lat' dir='ltr'>Denique</span> 
     </span>
     <span class='ocr_line' id='line_1_4' title="bbox 516 735 2639 831; baseline 0.004 -19"><span class='ocrx_word' id='word_1_23' title='bbox 516 759 671 816; x_wconf 87' lang='lat' dir='ltr'>non</span> <span class='ocrx_word' id='word_1_24' title='bbox 701 740 775 812; x_wconf 90' lang='lat' dir='ltr'>in</span> <span class='ocrx_word' id='word_1_25' title='bbox 808 753 977 812; x_wconf 91' lang='lat' dir='ltr'>toto</span> <span class='ocrx_word' id='word_1_26' title='bbox 1006 738 1208 819; x_wconf 80' lang='lat' dir='ltr'>Sion.</span> <span class='ocrx_word' id='word_1_27' title='bbox 1244 735 1465 812; x_wconf 90' lang='lat' dir='ltr'>sedin</span> <span class='ocrx_word' id='word_1_28' title='bbox 1498 760 1639 811; x_wconf 90' lang='lat' dir='ltr'>una</span> <span class='ocrx_word' id='word_1_29' title='bbox 1665 741 1814 831; x_wconf 72' lang='lat' dir='ltr'>eius</span> <span class='ocrx_word' id='word_1_30' title='bbox 1845 741 2032 814; x_wconf 85' lang='lat' dir='ltr'>valle</span> <span class='ocrx_word' id='word_1_31' title='bbox 2060 743 2216 816; x_wconf 89' lang='lat' dir='ltr'>sunt</span> <span class='ocrx_word' id='word_1_32' title='bbox 2243 747 2639 820; x_wconf 82' lang='lat' dir='ltr'>celebrata:</span> 
     </span>
     <span class='ocr_line' id='line_1_5' title="bbox 510 837 2641 933; baseline 0.002 -18"><span class='ocrx_word' id='word_1_33' title='bbox 510 859 671 916; x_wconf 80' lang='lat' dir='ltr'>non</span> <span class='ocrx_word' id='word_1_34' title='bbox 715 841 787 911; x_wconf 89' lang='lat' dir='ltr'>in</span> <span class='ocrx_word' id='word_1_35' title='bbox 826 839 953 910; x_wconf 92' lang='lat' dir='ltr'>illo</span> <span class='ocrx_word' id='word_1_36' title='bbox 998 851 1253 912; x_wconf 82' lang='lat' dir='ltr'>monte</span> <span class='ocrx_word' id='word_1_37' title='bbox 1302 837 1479 911; x_wconf 87' lang='lat' dir='ltr'>Sion</span> <span class='ocrx_word' id='word_1_38' title='bbox 1506 890 1531 928; x_wconf 92' lang='lat'>‚</span> <span class='ocrx_word' id='word_1_39' title='bbox 1599 860 1808 928; x_wconf 83' lang='lat' dir='ltr'>quem</span> <span class='ocrx_word' id='word_1_40' title='bbox 1862 843 1932 912; x_wconf 89' lang='lat' dir='ltr'>in</span> <span class='ocrx_word' id='word_1_41' title='bbox 1975 840 2176 933; x_wconf 89' lang='lat' dir='ltr'>Syria</span> <span class='ocrx_word' id='word_1_42' title='bbox 2220 839 2558 921; x_wconf 75' lang='lat' dir='ltr'>palestina</span> <span class='ocrx_word' id='word_1_43' title='bbox 2598 868 2641 919; x_wconf 82' lang='lat' dir='ltr'>a</span> 
     </span>
     <span class='ocr_line' id='line_1_6' title="bbox 514 935 2637 1034; baseline 0.001 -19"><span class='ocrx_word' id='word_1_44' title='bbox 514 940 737 1015; x_wconf 80' lang='lat' dir='ltr'>muris</span> <span class='ocrx_word' id='word_1_45' title='bbox 775 935 1211 1029; x_wconf 72' lang='lat' dir='ltr'>Hierusalem</span> <span class='ocrx_word' id='word_1_46' title='bbox 1257 951 1521 1030; x_wconf 90' lang='lat' dir='ltr'>parvus</span> <span class='ocrx_word' id='word_1_47' title='bbox 1563 936 1998 1012; x_wconf 86' lang='lat' dir='ltr'>disterminat</span> <span class='ocrx_word' id='word_1_48' title='bbox 2031 942 2274 1029; x_wconf 80' lang='lat' dir='ltr'>rivus3</span> <span class='ocrx_word' id='word_1_49' title='bbox 2327 944 2400 1015; x_wconf 88' lang='lat' dir='ltr'>in</span> <span class='ocrx_word' id='word_1_50' title='bbox 2440 947 2637 1034; x_wconf 81' lang='lat' dir='ltr'>cujus</span> 
     </span>
     <span class='ocr_line' id='line_1_7' title="bbox 512 1034 2645 1138; baseline 0.002 -28"><span class='ocrx_word' id='word_1_51' title='bbox 512 1038 797 1112; x_wconf 84' lang='lat' dir='ltr'>vertice</span> <span class='ocrx_word' id='word_1_52' title='bbox 840 1034 943 1109; x_wconf 87' lang='lat' dir='ltr'>est</span> <span class='ocrx_word' id='word_1_53' title='bbox 986 1057 1137 1109; x_wconf 89' lang='lat' dir='ltr'>non</span> <span class='ocrx_word' id='word_1_54' title='bbox 1185 1057 1433 1130; x_wconf 80' lang='lat' dir='ltr'>magna</span> <span class='ocrx_word' id='word_1_55' title='bbox 1471 1037 1840 1130; x_wconf 85' lang='lat' dir='ltr'>planities,</span> <span class='ocrx_word' id='word_1_56' title='bbox 1893 1040 1968 1112; x_wconf 93' lang='lat' dir='ltr'>in</span> <span class='ocrx_word' id='word_1_57' title='bbox 2005 1061 2152 1130; x_wconf 88' lang='lat' dir='ltr'>quo</span> <span class='ocrx_word' id='word_1_58' title='bbox 2191 1035 2480 1115; x_wconf 85' lang='lat' dir='ltr'>fuerant</span> <span class='ocrx_word' id='word_1_59' title='bbox 2519 1042 2645 1138; x_wconf 85' lang='lat' dir='ltr'>Sy·</span> 
     </span>
     <span class='ocr_line' id='line_1_8' title="bbox 512 1135 2639 1236; baseline 0.004 -28"><span class='ocrx_word' id='word_1_60' title='bbox 512 1155 851 1233; x_wconf 79' lang='lat' dir='ltr'>nagogae‚</span> <span class='ocrx_word' id='word_1_61' title='bbox 902 1137 1023 1208; x_wconf 90' lang='lat' dir='ltr'>ubi</span> <span class='ocrx_word' id='word_1_62' title='bbox 1060 1135 1467 1230; x_wconf 85' lang='lat' dir='ltr'>Judaeorum</span> <span class='ocrx_word' id='word_1_63' title='bbox 1497 1137 1805 1228; x_wconf 84' lang='lat' dir='ltr'>populus</span> <span class='ocrx_word' id='word_1_64' title='bbox 1838 1140 2326 1223; x_wconf 82' lang='lat' dir='ltr'>conveniens,</span> <span class='ocrx_word' id='word_1_65' title='bbox 2375 1143 2639 1236; x_wconf 87' lang='lat' dir='ltr'>legem,</span> 
     </span>
     <span class='ocr_line' id='line_1_9' title="bbox 514 1231 2640 1333; baseline 0.003 -25"><span class='ocrx_word' id='word_1_66' title='bbox 514 1259 647 1333; x_wconf 81' lang='lat' dir='ltr'>per</span> <span class='ocrx_word' id='word_1_67' title='bbox 678 1231 991 1326; x_wconf 85' lang='lat' dir='ltr'>Moysen</span> <span class='ocrx_word' id='word_1_68' title='bbox 1031 1237 1307 1327; x_wconf 85' lang='lat' dir='ltr'>datam,</span> <span class='ocrx_word' id='word_1_69' title='bbox 1373 1232 1640 1307; x_wconf 86' lang='lat' dir='ltr'>discere</span> <span class='ocrx_word' id='word_1_70' title='bbox 1683 1235 2058 1325; x_wconf 89' lang='lat' dir='ltr'>potuisset:</span> <span class='ocrx_word' id='word_1_71' title='bbox 2126 1234 2243 1311; x_wconf 88' lang='lat' dir='ltr'>sed</span> <span class='ocrx_word' id='word_1_72' title='bbox 2282 1241 2400 1312; x_wconf 93' lang='lat' dir='ltr'>ubi</span> <span class='ocrx_word' id='word_1_73' title='bbox 2443 1245 2640 1315; x_wconf 85' lang='lat' dir='ltr'>nulla</span> 
     </span>
     <span class='ocr_line' id='line_1_10' title="bbox 510 1332 2633 1433; baseline 0.001 -22"><span class='ocrx_word' id='word_1_74' title='bbox 510 1336 601 1411; x_wconf 88' lang='lat' dir='ltr'>lis</span> <span class='ocrx_word' id='word_1_75' title='bbox 647 1335 887 1408; x_wconf 77' lang='lat' dir='ltr'>a&#39;udita</span> <span class='ocrx_word' id='word_1_76' title='bbox 930 1332 1083 1426; x_wconf 83' lang='lat' dir='ltr'>est,</span> <span class='ocrx_word' id='word_1_77' title='bbox 1152 1353 1289 1406; x_wconf 90' lang='lat' dir='ltr'>nec</span> <span class='ocrx_word' id='word_1_78' title='bbox 1342 1337 1429 1406; x_wconf 91' lang='lat' dir='ltr'>ab</span> <span class='ocrx_word' id='word_1_79' title='bbox 1482 1335 1722 1425; x_wconf 91' lang='lat' dir='ltr'>aliquo</span> <span class='ocrx_word' id='word_1_80' title='bbox 1775 1337 2210 1412; x_wconf 86' lang='lat' dir='ltr'>celebratum</span> <span class='ocrx_word' id='word_1_81' title='bbox 2255 1339 2633 1433; x_wconf 85' lang='lat' dir='ltr'>judicium,</span> 
     </span>
     <span class='ocr_line' id='line_1_11' title="bbox 510 1431 2637 1532; baseline 0.001 -22"><span class='ocrx_word' id='word_1_82' title='bbox 510 1455 653 1510; x_wconf 86' lang='lat' dir='ltr'>nec</span> <span class='ocrx_word' id='word_1_83' title='bbox 685 1437 915 1526; x_wconf 85' lang='lat' dir='ltr'>aliqua</span> <span class='ocrx_word' id='word_1_84' title='bbox 952 1431 1236 1507; x_wconf 81' lang='lat' dir='ltr'>est&#39;illic</span> <span class='ocrx_word' id='word_1_85' title='bbox 1276 1435 1361 1506; x_wconf 90' lang='lat' dir='ltr'>ab</span> <span class='ocrx_word' id='word_1_86' title='bbox 1408 1435 1559 1506; x_wconf 91' lang='lat' dir='ltr'>ullo</span> <span class='ocrx_word' id='word_1_87' title='bbox 1585 1433 1829 1526; x_wconf 85' lang='lat' dir='ltr'>judice</span> <span class='ocrx_word' id='word_1_88' title='bbox 1859 1438 2006 1532; x_wconf 83' lang='lat' dir='ltr'>lata</span> <span class='ocrx_word' id='word_1_89' title='bbox 2037 1433 2424 1511; x_wconf 87' lang='lat' dir='ltr'>sententia:</span> <span class='ocrx_word' id='word_1_90' title='bbox 2473 1445 2637 1530; x_wconf 87' lang='lat' dir='ltr'>quia</span> 
     </span>
     <span class='ocr_line' id='line_1_12' title="bbox 508 1529 2634 1630; baseline 0.002 -23"><span class='ocrx_word' id='word_1_91' title='bbox 508 1533 721 1608; x_wconf 87' lang='lat' dir='ltr'>locus</span> <span class='ocrx_word' id='word_1_92' title='bbox 758 1545 910 1607; x_wconf 87' lang='lat' dir='ltr'>erat</span> <span class='ocrx_word' id='word_1_93' title='bbox 950 1531 1327 1622; x_wconf 57' lang='lat' dir='ltr'>doctrina-²,</span> <span class='ocrx_word' id='word_1_94' title='bbox 1378 1554 1529 1605; x_wconf 88' lang='lat' dir='ltr'>non</span> <span class='ocrx_word' id='word_1_95' title='bbox 1562 1529 2083 1609; x_wconf 75' lang='lat' dir='ltr'>controverfiae</span> <span class='ocrx_word' id='word_1_96' title='bbox 2108 1589 2132 1626; x_wconf 91' lang='lat'>,</span> <span class='ocrx_word' id='word_1_97' title='bbox 2181 1533 2346 1630; x_wconf 90' lang='lat' dir='ltr'>post</span> <span class='ocrx_word' id='word_1_98' title='bbox 2381 1537 2634 1613; x_wconf 68' lang='lat' dir='ltr'>doctri-</span> 
     </span>
     <span class='ocr_line' id='line_1_13' title="bbox 510 1631 2636 1727; baseline 0.002 -19"><span class='ocrx_word' id='word_1_99' title='bbox 510 1653 697 1708; x_wconf 88' lang='lat' dir='ltr'>nam.</span> <span class='ocrx_word' id='word_1_100' title='bbox 787 1631 859 1702; x_wconf 90' lang='lat' dir='ltr'>Si</span> <span class='ocrx_word' id='word_1_101' title='bbox 890 1634 1055 1724; x_wconf 88' lang='lat' dir='ltr'>quid</span> <span class='ocrx_word' id='word_1_102' title='bbox 1094 1632 1441 1727; x_wconf 83' lang='lat' dir='ltr'>agendum</span> <span class='ocrx_word' id='word_1_103' title='bbox 1470 1645 1662 1718; x_wconf 89' lang='lat' dir='ltr'>erat,</span> <span class='ocrx_word' id='word_1_104' title='bbox 1703 1633 1887 1706; x_wconf 89' lang='lat' dir='ltr'>intra</span> <span class='ocrx_word' id='word_1_105' title='bbox 1919 1655 2161 1708; x_wconf 86' lang='lat' dir='ltr'>muros</span> <span class='ocrx_word' id='word_1_106' title='bbox 2195 1633 2636 1713; x_wconf 86' lang='lat' dir='ltr'>Hierusalem</span> 
     </span>
     <span class='ocr_line' id='line_1_14' title="bbox 512 1727 2637 1827; baseline 0.002 -22"><span class='ocrx_word' id='word_1_107' title='bbox 512 1735 881 1827; x_wconf 76' lang='lat' dir='ltr'>agebatur.</span> <span class='ocrx_word' id='word_1_108' title='bbox 984 1728 1155 1806; x_wconf 89' lang='lat' dir='ltr'>Inde</span> <span class='ocrx_word' id='word_1_109' title='bbox 1199 1727 1529 1824; x_wconf 85' lang='lat' dir='ltr'>scriptum</span> <span class='ocrx_word' id='word_1_110' title='bbox 1574 1729 1676 1805; x_wconf 83' lang='lat' dir='ltr'>est</span> <span class='ocrx_word' id='word_1_111' title='bbox 1727 1735 1801 1805; x_wconf 85' lang='lat' dir='ltr'>in</span> <span class='ocrx_word' id='word_1_112' title='bbox 1843 1729 2036 1806; x_wconf 83' lang='lat' dir='ltr'>Esaia</span> <span class='ocrx_word' id='word_1_113' title='bbox 2071 1732 2464 1826; x_wconf 73' lang='lat' dir='ltr'>Prophetae</span> <span class='ocrx_word' id='word_1_114' title='bbox 2531 1739 2637 1809; x_wconf 76' lang='lat' dir='ltr'>Ex</span> 
     </span>
     <span class='ocr_line' id='line_1_15' title="bbox 513 1828 2636 1928; baseline 0.003 -24"><span class='ocrx_word' id='word_1_115' title='bbox 513 1835 675 1904; x_wconf 78' lang='lat' dir='ltr'>Sion</span> <span class='ocrx_word' id='word_1_116' title='bbox 697 1832 943 1928; x_wconf 80' lang='lat' dir='ltr'>prodiet</span> <span class='ocrx_word' id='word_1_117' title='bbox 968 1831 1112 1921; x_wconf 78' lang='lat' dir='ltr'>tex,</span> <span class='ocrx_word' id='word_1_118' title='bbox 1149 1828 1226 1908; x_wconf 60' lang='grc' dir='ltr'>(Ἰ</span> <span class='ocrx_word' id='word_1_119' title='bbox 1254 1833 1519 1902; x_wconf 80' lang='lat' dir='ltr'>verbum</span> <span class='ocrx_word' id='word_1_120' title='bbox 1550 1833 1822 1902; x_wconf 82' lang='lat' dir='ltr'>Domini</span> <span class='ocrx_word' id='word_1_121' title='bbox 1845 1835 1916 1902; x_wconf 82' lang='lat' dir='ltr'>de</span> <span class='ocrx_word' id='word_1_122' title='bbox 1950 1833 2367 1922; x_wconf 82' lang='lat' dir='ltr'>Hierusalem.</span> <span class='ocrx_word' id='word_1_123' title='bbox 2449 1833 2636 1910; x_wconf 83' lang='lat' dir='ltr'>Non</span> 
     </span>
     <span class='ocr_line' id='line_1_16' title="bbox 512 1924 2634 2026; baseline 0.002 -20"><span class='ocrx_word' id='word_1_124' title='bbox 512 1924 691 2026; x_wconf 85' lang='lat' dir='ltr'>ergo</span> <span class='ocrx_word' id='word_1_125' title='bbox 742 1933 813 2004; x_wconf 87' lang='lat' dir='ltr'>in</span> <span class='ocrx_word' id='word_1_126' title='bbox 856 1932 983 2004; x_wconf 89' lang='lat' dir='ltr'>illo</span> <span class='ocrx_word' id='word_1_127' title='bbox 1022 1945 1274 2004; x_wconf 89' lang='lat' dir='ltr'>monte</span> <span class='ocrx_word' id='word_1_128' title='bbox 1306 1927 1477 2002; x_wconf 88' lang='lat' dir='ltr'>Sion</span> <span class='ocrx_word' id='word_1_129' title='bbox 1513 1927 1744 2003; x_wconf 86' lang='lat' dir='ltr'>Esaias</span> <span class='ocrx_word' id='word_1_130' title='bbox 1778 1929 2022 2026; x_wconf 90' lang='lat' dir='ltr'>aspicit</span> <span class='ocrx_word' id='word_1_131' title='bbox 2053 1935 2354 2016; x_wconf 88' lang='lat' dir='ltr'>vallem,</span> <span class='ocrx_word' id='word_1_132' title='bbox 2409 1931 2634 2011; x_wconf 86' lang='lat' dir='ltr'>sedin</span> 
     </span>
     <span class='ocr_line' id='line_1_17' title="bbox 508 2025 2636 2124; baseline 0 -18"><span class='ocrx_word' id='word_1_133' title='bbox 508 2047 765 2106; x_wconf 86' lang='lat' dir='ltr'>monte</span> <span class='ocrx_word' id='word_1_134' title='bbox 811 2026 1094 2120; x_wconf 60' lang='lat' dir='ltr'>sanato,</span> <span class='ocrx_word' id='word_1_135' title='bbox 1148 2029 1268 2122; x_wconf 90' lang='lat' dir='ltr'>qui</span> <span class='ocrx_word' id='word_1_136' title='bbox 1315 2027 1415 2102; x_wconf 87' lang='lat' dir='ltr'>est</span> <span class='ocrx_word' id='word_1_137' title='bbox 1448 2025 1796 2102; x_wconf 73' lang='lat' dir='ltr'>Ecclesia:</span> <span class='ocrx_word' id='word_1_138' title='bbox 1850 2033 1968 2120; x_wconf 88' lang='lat' dir='ltr'>qui</span> <span class='ocrx_word' id='word_1_139' title='bbox 2017 2052 2144 2124; x_wconf 88' lang='lat' dir='ltr'>per</span> <span class='ocrx_word' id='word_1_140' title='bbox 2188 2052 2474 2108; x_wconf 86' lang='lat' dir='ltr'>omnem</span> <span class='ocrx_word' id='word_1_141' title='bbox 2519 2057 2636 2106; x_wconf 87' lang='lat' dir='ltr'>or·</span> 
     </span>
     <span class='ocr_line' id='line_1_18' title="bbox 505 2126 2628 2220; baseline 0.001 -18"><span class='ocrx_word' id='word_1_142' title='bbox 505 2131 676 2206; x_wconf 88' lang='lat' dir='ltr'>bem</span> <span class='ocrx_word' id='word_1_143' title='bbox 714 2129 1163 2219; x_wconf 83' lang='lat' dir='ltr'>Romanum,</span> <span class='ocrx_word' id='word_1_144' title='bbox 1218 2141 1433 2219; x_wconf 80' lang='lat' dir='ltr'>caput</span> <span class='ocrx_word' id='word_1_145' title='bbox 1468 2129 1635 2200; x_wconf 87' lang='lat' dir='ltr'>tulit</span> <span class='ocrx_word' id='word_1_146' title='bbox 1675 2126 1795 2202; x_wconf 90' lang='lat' dir='ltr'>sub</span> <span class='ocrx_word' id='word_1_147' title='bbox 1843 2143 2010 2200; x_wconf 93' lang='lat' dir='ltr'>toto</span> <span class='ocrx_word' id='word_1_148' title='bbox 2049 2133 2254 2206; x_wconf 89' lang='lat' dir='ltr'>coelo.</span> <span class='ocrx_word' id='word_1_149' title='bbox 2365 2133 2440 2204; x_wconf 89' lang='lat' dir='ltr'>ln</span> <span class='ocrx_word' id='word_1_150' title='bbox 2477 2152 2628 2220; x_wconf 89' lang='lat' dir='ltr'>quo</span> 
     </span>
     <span class='ocr_line' id='line_1_19' title="bbox 506 2222 2630 2326; baseline -0.001 -18"><span class='ocrx_word' id='word_1_151' title='bbox 506 2244 767 2308; x_wconf 84' lang='lat' dir='ltr'>monte</span> <span class='ocrx_word' id='word_1_152' title='bbox 808 2249 848 2300; x_wconf 90' lang='lat' dir='ltr'>a</span> <span class='ocrx_word' id='word_1_153' title='bbox 896 2227 1059 2300; x_wconf 89' lang='lat' dir='ltr'>Deo</span> <span class='ocrx_word' id='word_1_154' title='bbox 1106 2241 1310 2320; x_wconf 87' lang='lat' dir='ltr'>patre</span> <span class='ocrx_word' id='word_1_155' title='bbox 1354 2222 1538 2326; x_wconf 82' lang='lat' dir='ltr'>filius</span> <span class='ocrx_word' id='word_1_156' title='bbox 1586 2227 1723 2299; x_wconf 88' lang='lat' dir='ltr'>Dei</span> <span class='ocrx_word' id='word_1_157' title='bbox 1765 2248 2002 2323; x_wconf 88' lang='lat' dir='ltr'>regem</span> <span class='ocrx_word' id='word_1_158' title='bbox 2049 2232 2118 2302; x_wconf 89' lang='lat' dir='ltr'>se</span> <span class='ocrx_word' id='word_1_159' title='bbox 2161 2227 2630 2305; x_wconf 86' lang='lat' dir='ltr'>constitutum</span> 
     </span>
     <span class='ocr_line' id='line_1_20' title="bbox 510 2321 2628 2425; baseline -0.002 -20"><span class='ocrx_word' id='word_1_160' title='bbox 510 2327 653 2405; x_wconf 81' lang='lat' dir='ltr'>effe</span> <span class='ocrx_word' id='word_1_161' title='bbox 698 2327 1088 2425; x_wconf 86' lang='lat' dir='ltr'>gratulatur</span> <span class='ocrx_word' id='word_1_162' title='bbox 1134 2328 1210 2399; x_wconf 90' lang='lat' dir='ltr'>in</span> <span class='ocrx_word' id='word_1_163' title='bbox 1250 2321 1519 2400; x_wconf 88' lang='lat' dir='ltr'>Psalmo</span> <span class='ocrx_word' id='word_1_164' title='bbox 1566 2323 1916 2404; x_wconf 84' lang='lat' dir='ltr'>secundo,</span> <span class='ocrx_word' id='word_1_165' title='bbox 1969 2329 2250 2401; x_wconf 83' lang='lat' dir='ltr'>dicens:</span> <span class='ocrx_word' id='word_1_166' title='bbox 2303 2334 2628 2424; x_wconf 71' lang='lat' dir='ltr'>Quoniam</span> 
     </span>
     <span class='ocr_line' id='line_1_21' title="bbox 511 2425 2624 2524; baseline -0.002 -22"><span class='ocrx_word' id='word_1_167' title='bbox 511 2453 707 2522; x_wconf 77' lang='lat' dir='ltr'>regem</span> <span class='ocrx_word' id='word_1_168' title='bbox 756 2425 1089 2524; x_wconf 78' lang='lat' dir='ltr'>constituit</span> <span class='ocrx_word' id='word_1_169' title='bbox 1144 2449 1238 2496; x_wconf 77' lang='lat' dir='ltr'>me</span> <span class='ocrx_word' id='word_1_170' title='bbox 1283 2425 1469 2520; x_wconf 83' lang='lat' dir='ltr'>super</span> <span class='ocrx_word' id='word_1_171' title='bbox 1520 2429 1677 2496; x_wconf 84' lang='lat' dir='ltr'>Sion</span> <span class='ocrx_word' id='word_1_172' title='bbox 1741 2443 2011 2496; x_wconf 65' lang='lat' dir='ltr'>monrem</span> <span class='ocrx_word' id='word_1_173' title='bbox 2057 2427 2354 2516; x_wconf 69' lang='lat' dir='ltr'>smc‘lum</span> <span class='ocrx_word' id='word_1_174' title='bbox 2392 2434 2624 2517; x_wconf 75' lang='lat' dir='ltr'>suum.-</span> 
     </span>
     <span class='ocr_line' id='line_1_22' title="bbox 504 2523 2632 2620; baseline 0 -18"><span class='ocrx_word' id='word_1_175' title='bbox 504 2531 759 2620; x_wconf 89' lang='lat' dir='ltr'>utique</span> <span class='ocrx_word' id='word_1_176' title='bbox 790 2525 994 2620; x_wconf 88' lang='lat' dir='ltr'>super</span> <span class='ocrx_word' id='word_1_177' title='bbox 1022 2523 1401 2598; x_wconf 76' lang='lat' dir='ltr'>Ecclesiam</span> <span class='ocrx_word' id='word_1_178' title='bbox 1422 2578 1447 2617; x_wconf 92' lang='lat'>,</span> <span class='ocrx_word' id='word_1_179' title='bbox 1499 2527 1699 2616; x_wconf 72' lang='lat' dir='ltr'>cuius</span> <span class='ocrx_word' id='word_1_180' title='bbox 1727 2545 1852 2598; x_wconf 89' lang='lat' dir='ltr'>rex</span> <span class='ocrx_word' id='word_1_181' title='bbox 1891 2527 1957 2598; x_wconf 89' lang='lat'>&amp;</span> <span class='ocrx_word' id='word_1_182' title='bbox 1989 2524 2275 2616; x_wconf 87' lang='lat' dir='ltr'>sponsus</span> <span class='ocrx_word' id='word_1_183' title='bbox 2309 2527 2376 2602; x_wconf 75' lang='grc' dir='ltr'>δι</span> <span class='ocrx_word' id='word_1_184' title='bbox 2411 2542 2632 2620; x_wconf 86' lang='lat' dir='ltr'>caput</span> 
     </span>
     <span class='ocr_line' id='line_1_23' title="bbox 504 2621 2625 2720; baseline -0.003 -16"><span class='ocrx_word' id='word_1_185' title='bbox 504 2627 635 2704; x_wconf 80' lang='lat' dir='ltr'>est.</span> <span class='ocrx_word' id='word_1_186' title='bbox 736 2626 914 2699; x_wconf 89' lang='lat' dir='ltr'>Non</span> <span class='ocrx_word' id='word_1_187' title='bbox 952 2629 1027 2698; x_wconf 89' lang='lat' dir='ltr'>in</span> <span class='ocrx_word' id='word_1_188' title='bbox 1065 2627 1192 2697; x_wconf 89' lang='lat' dir='ltr'>illo</span> <span class='ocrx_word' id='word_1_189' title='bbox 1244 2621 1543 2716; x_wconf 77' lang='lat' dir='ltr'>incute,</span> <span class='ocrx_word' id='word_1_190' title='bbox 1611 2624 1731 2697; x_wconf 91' lang='lat' dir='ltr'>ubi</span> <span class='ocrx_word' id='word_1_191' title='bbox 1787 2647 1936 2696; x_wconf 90' lang='lat' dir='ltr'>non</span> <span class='ocrx_word' id='word_1_192' title='bbox 1993 2627 2126 2697; x_wconf 85' lang='lat' dir='ltr'>illae</span> <span class='ocrx_word' id='word_1_193' title='bbox 2169 2625 2325 2700; x_wconf 87' lang='lat' dir='ltr'>sunt</span> <span class='ocrx_word' id='word_1_194' title='bbox 2365 2643 2625 2720; x_wconf 85' lang='lat' dir='ltr'>portae,</span> 
     </span>
     <span class='ocr_line' id='line_1_24' title="bbox 506 2721 2623 2820; baseline 0 -21"><span class='ocrx_word' id='word_1_195' title='bbox 506 2746 678 2819; x_wconf 72' lang='lat' dir='ltr'>quas</span> <span class='ocrx_word' id='word_1_196' title='bbox 734 2727 962 2820; x_wconf 75' lang='lat' dir='ltr'>diligit</span> <span class='ocrx_word' id='word_1_197' title='bbox 1000 2723 1246 2819; x_wconf 64' lang='lat' dir='ltr'>Deua,</span> <span class='ocrx_word' id='word_1_198' title='bbox 1318 2724 1430 2799; x_wconf 76' lang='lat' dir='ltr'>sed</span> <span class='ocrx_word' id='word_1_199' title='bbox 1474 2726 1546 2796; x_wconf 78' lang='lat' dir='ltr'>in</span> <span class='ocrx_word' id='word_1_200' title='bbox 1591 2739 1839 2795; x_wconf 77' lang='lat' dir='ltr'>munte</span> <span class='ocrx_word' id='word_1_201' title='bbox 1875 2721 2239 2819; x_wconf 70' lang='lat' dir='ltr'>Ecclefiae,</span> <span class='ocrx_word' id='word_1_202' title='bbox 2276 2728 2409 2815; x_wconf 78' lang='lat' dir='ltr'>qui</span> <span class='ocrx_word' id='word_1_203' title='bbox 2447 2725 2623 2799; x_wconf 70' lang='lat' dir='ltr'>Sion</span> 
     </span>
    </p>
   </div>
   <div class='ocr_carea' id='block_1_3' title="bbox 436 2830 506 2901">
    <p class='ocr_par' dir='ltr' id='par_1_3' title="bbox 436 2830 506 2901">
     <span class='ocr_line' id='line_1_25' title="bbox 436 2830 506 2901; baseline 0 1883"><span class='ocrx_word' id='word_1_204' title='bbox 436 2830 506 2901; x_wconf 95' lang='lat' dir='ltr'> </span> 
     </span>
    </p>
   </div>
   <div class='ocr_carea' id='block_1_4' title="bbox 436 2829 2714 4282">
    <p class='ocr_par' dir='ltr' id='par_1_4' title="bbox 436 2829 2714 4282">
     <span class='ocr_line' id='line_1_26' title="bbox 436 2829 2714 4282; baseline 0 0"><span class='ocrx_word' id='word_1_205' title='bbox 436 2829 2714 4282; x_wconf 95' lang='lat' dir='ltr'> </span> 
     </span>
    </p>
   </div>
  </div>
 </body>
</html>
