3200 4784
303 406 385 487 474,
476 484 481 497 .
559 377 884 457 Monuuauns
912 380 1114 487 Verres

304 563 409 622 more
435 539 599 617 edantur.
658 540 858 638 Legamus,
891 555 933 615 ut
958 541 1176 639 respondere
1198 541 1365 636 poffimus.

307 644 435 731 Brutia
449 667 557 717 manu.
583 640 776 715 Petilianus
794 637 992 735 Episcopus
1010 644 1234 738 recognovi.

382 766 441 830 4ο.
468 743 602 839 Alypius
622 742 788 837 Episcopus
805 743 941 835 Ecclsfiae
960 744 1127 814 Catholicis
1135 744 1257 919 fflit:
1272 741 1368 831 ,Lon-

304 840 1132 940 gitudogestorummagisinnumero&respon
1191 863 1242 914 ne
1253 843 1370 914 utrius·

305 963 376 1037 que
401 941 511 1033 partis
536 936 799 1033 Episcoporum
826 938 906 1035 est,
946 961 1048 1032 quarn
1074 943 1110 1018 in
1135 944 1261 1032 aliqua
1285 962 1370 1014 com·

303 1042 536 1117 mendatione
559 1039 709 1134 negotii.
759 1039 861 1113 Nihil
886 1059 975 1136 ergo
998 1040 1068 1133 est,
1096 1041 1196 1116 unde
1218 1040 1371 1118 causetur

303 1161 386 1237 pars
401 1137 558 1229 diversa,
585 1153 645 1210 aut
659 1138 768 1212 hodie
782 1141 947 1235 cognitio
964 1138 1168 1221 differatur;
1197 1143 1371 1235 praecipue

304 1243 387 1332 quie
402 1240 509 1312 etiam
526 1235 589 1329 ipsi
605 1237 746 1332 profetlr
764 1237 864 1330 sunt,
892 1239 936 1316 ad
957 1240 1171 1313 hodiernum
1197 1241 1297 1315 diem
1318 1240 1372 1313 dil·

302 1338 492 1418 terendum
507 1335 576 1410 elle
589 1341 789 1434 negotium.
825 1338 1072 1414 Eruliamanu.
1098 1338 1338 1437 Recognovi.

381 1427 440 1528 ut.
468 1440 684 1510 Murredium
697 1444 754 1506 vir
769 1435 960 1530 clurifflmus
978 1435 1199 1514 Tribunus&
1213 1445 1371 1517 llutos-us

302 1541 415 1611 dixit:
456 1536 512 1611 Ut
531 1538 659 1611 iterum
681 1538 840 1628 partibus
865 1539 1054 1611 euidenter
1077 1553 1280 1631 appareat,
1319 1561 1371 1612 ve·

302 1637 513 1721 notabilium
532 1640 694 1709 virorum
714 1637 835 1709 denuo
854 1637 1024 1730 proieilio
1046 1639 1241 1718 recitetur.
1295 1641 1371 1714 Peti-

302 1741 411 1810 dianus
423 1736 592 1832 Episcopus
605 1739 709 1806 dixit-.-
736 1735 845 1810 Unde
859 1737 1094 1810 recitabitur?
1124 1740 1370 1815 Etaliamuuu.

302 1837 359 1908 Ut
376 1834 487 1927 supra.
541 1842 727 1908 Montanus
748 1839 914 1937 Episcopus
931 1840 1036 1908 dixit:
1068 1837 1127 1911 De
1152 1834 1291 1917 scheda
1313 1859 1370 1917 uo

302 1938 358 2013 bis
376 1937 563 2010 recitetur.
602 1938 650 2010 Et
666 1936 732 2009 alia
753 1961 862 2013 mauu.
901 1936 956 2014 Ut
971 1936 1083 2030 supra.

378 2057 438 2123 42.
467 2037 677 2106 Marcilium
693 2044 749 2109 vir
765 2033 954 2132 cluriffimus
971 2031 1134 2109 Tribunus
1152 2034 1369 2112 &illotarius

302 2134 408 2205 dixit:
434 2129 532 2225 Ergo
548 2156 625 2223 quae
637 2135 823 2209 codicibus
836 2150 1006 2211 tenentur
1018 2135 1167 2228 inserta,
1186 2158 1274 2212 curn
1286 2137 1367 2213 tanti

214 2320 216 2327 Ι
302 2230 507 2307 sacerdotes
522 2233 685 2310 custodes
704 2234 853 2326 appofiti
869 2234 1021 2330 fuerint,
1050 2237 1086 2314 itt
1104 2235 1367 2318 dubitationem

303 2334 455 2425 aliquam
472 2331 672 2406 existimant
690 2333 929 2413 devocanda?

376 2453 435 2522 43.
459 2434 637 2505 Petilianus
651 2433 818 2527 Epist-opus
833 2435 934 2503 dixit:
951 2431 1071 2505 Notas
1086 2454 1162 2507 non
1176 2438 1375 2526 novimuse

301 2552 420 2622 neque
438 2554 479 2602 ea
497 2550 623 2606 natura
635 2555 754 2605 rerum
772 2532 835 2624 est,
855 2549 961 2628 atque
978 2533 1140 2626 ipsarum,
1158 2550 1202 2607 ut
1218 2538 1365 2609 itedixe·

299 2633 382 2720 rim,
395 2632 659 2722 litterarum,ut
669 2636 851 2724 quisquam
863 2650 967 2704 notas
980 2635 1075 2727 legat
1086 2634 1233 2715 alienas.
1257 2637 1299 2708 ln
1313 2658 1366 2708 co·

302 2731 859 2825 dicibuslegerenonpollumus.
888 2730 1366 2830 Nisreditafuerintgestain

300 2831 460 2922 paginis,
481 2851 558 2903 non
573 2832 711 2922 habeo,
728 2833 825 2921 quod
842 2832 1008 2921 tradlem,
1030 2852 1104 2903 non
1119 2834 1256 2925 habeo,
1272 2836 1364 2925 quod

300 2930 427 3022 legam.
464 2928 713 3002 Erulicmonu.
740 2931 919 3022 Utsupru.
967 2934 1365 3024 Murredinusvirclorifi
1403 2986 1406 3003 .

228 3112 231 3123 1
292 3029 392 3127 fimus
417 3024 580 3099 Tribunus
601 3028 639 3105 (Τ
658 3035 821 3102 Notarius
842 3034 946 3101 dixit:
980 3032 1034 3105 Ut
1054 3029 1181 3102 ditium
1203 3034 1280 3131 est,
1307 3039 1365 3108 ite·

299 3147 379 3204 tum
399 3130 656 3204 venerabilium
672 3133 834 3202 virorum
848 3129 1015 3224 profeffio
1032 3133 1219 3212 recitetur,

374 3248 434 3319 44.
461 3232 633 3299 Martialis
654 3248 792 3324 exceptor
816 3233 965 3301 excedite
987 3237 1103 3299 iterum
1122 3248 1274 3300 notarum
1297 3237 1365 3303 reci·

299 3333 402 3400 tuuis.
456 3329 618 3398 Nobilitas
629 3345 684 3397 tua
702 3334 801 3397 dixit:
824 3330 1005 3425 Quoniam
1024 3331 1090 3400 diei
1109 3352 1203 3421 pene
1222 3352 1363 3404 omnem

298 3442 437 3525 partem
459 3427 598 3499 constat
613 3427 810 3518 emensam,
836 3429 971 3499 idcirco
987 3444 1103 3499 utrum
1122 3452 1165 3500 cx
1183 3431 1366 3510 communi

299 3526 472 3605 consensu
496 3525 630 3600 differri
654 3530 838 3621 negotium
864 3531 1025 3618 placeat,
1061 3531 1259 3605 intimetur.
1322 3532 1365 3603 At

298 3632 444 3723 utrisque
461 3629 602 3718 portibus
625 3628 742 3696 ditium
761 3629 819 3723 est:
849 3627 992 3720 Placet,
1021 3629 1187 3718 quoniam
1210 3633 1284 3720 jam
1307 3633 1367 3703 iste.

297 3724 373 3799 dies
403 3727 546 3797 uidetur
573 3725 744 3802 emensus.
796 3728 958 3799 lltolitttas
981 3745 1035 3796 rsus
1059 3731 1160 3796 dixis:
1197 3727 1239 3800 ln
1262 3753 1365 3819 quem

298 3821 392 3900 diem
412 3825 488 3896 lraec
505 3824 574 3917 ipsa
592 3827 925 3922 comperendinatio
942 3827 1145 3917 ditioribus,
1174 3850 1256 3919 pars
1275 3850 1366 3902 κατᾶ-

299 3941 370 4015 que
391 3923 558 4018 defignet.
587 3931 721 4019 Alypius
739 3928 901 4023 Episcopus
921 3929 1052 4013 Relictis
1073 3930 1155 3998 Cutis
1175 3930 1243 3999 lieu
1261 3938 1366 3999 (εκ-’9,-

297 4020 400 4103 Sicut.
415 4025 531 4102 euicto
551 4028 721 4105 nobilitas
740 4041 801 4102 tua
819 4027 1049 4125 praescripsit,
1084 4027 1239 4101 crastino
1262 4034 1370 4104 intem

1210 4130 1319 4204 nitrio
