3200 4784
409 351 419 420 ,τ
556 308 647 412 nuit.
687 306 829 431 Quissus
850 329 997 422 peractis
1017 352 1096 404 cum
1113 334 1285 428 cognitor
1302 336 1422 406 mirari

556 433 815 532 promissum&
835 434 929 504 aliud
951 435 1159 522 recitatum,
1186 435 1234 503 iiii
1255 434 1378 506 adhuc
1402 456 1422 522 e

555 539 643 610 tiam
666 531 901 624 deposcentes
925 531 1018 625 gesta
1038 533 1103 602 alia
1126 533 1349 624 recitarunt,
1378 536 1414 606 in

557 639 708 733 gebatur
719 631 939 703 Metchiades
957 629 1077 702 misisse
1092 631 1277 703 Diaconos
1299 653 1385 705 cum
1410 637 1419 704 Ι

555 735 669 809 xentii
698 731 926 823 imperatoris
962 731 995 801 &
1030 733 1156 802 litteris
1184 730 1345 804 Profecti
1376 732 1422 804 Pr

555 831 762 908 Praesestum
777 833 894 914 urbis,
914 844 954 900 ut
970 850 1010 900 ea
1025 833 1246 920 reciperent,
1267 851 1348 921 quae
1366 847 1422 906 ter

368 971 390 1012 .=
554 931 750 1006 secutioms
783 932 901 1002 ablata
932 946 1148 1002 memoratus
1181 929 1393 1020 Imperator

387 1031 423 1132 ji.-
550 1031 698 1125 jusserat
711 1031 822 1101 reddi.
873 1027 1011 1100 Etcum
1028 1031 1080 1101 his
1096 1049 1240 1119 quoquc
1257 1028 1370 1122 gestis
1390 1052 1422 1104 nr

388 1137 420 1156 ''
556 1131 690 1204 chiadis
718 1129 853 1199 crimen
882 1128 1122 1220 &cognitori
1149 1127 1411 1203 &Catholicis

372 1235 425 1306 ‘'J‘t
553 1233 622 1306 bus
643 1241 852 1320 appareret,
879 1227 1045 1298 dixerunt
1069 1226 1284 1316 Donatistae,
1316 1228 1422 1304 Strat

393 1371 416 1420 ,p
554 1351 716 1417 conum,
751 1347 857 1416 quem
889 1346 970 1398 cum
996 1329 1070 1398 aliis
1099 1327 1323 1400 Melchiades
1353 1331 1402 1402 ad

393 1487 427 1522 :.·
551 1431 636 1503 loca
653 1425 896 1500 Ecclefiastica
915 1423 1076 1517 miserat,
1104 1427 1352 1517 superioribus
1378 1451 1422 1524 ge

378 1525 429 1574 ·’·
552 1543 631 1602 tum
656 1527 728 1600 esse
751 1523 1005 1616 Traditorem,
1034 1526 1066 1597 dr
1091 1525 1174 1598 ideo
1200 1526 1386 1599 volebant
1412 1551 1422 1599 a

554 1629 716 1700 chiadem
735 1627 881 1697 crimine
898 1627 1098 1698 traditionis
1114 1624 1314 1718 aspergere,
1338 1648 1422 1716 quo

355 1729 431 1828 ,ἦ
551 1728 617 1800 iilo
631 1748 707 1798 non
725 1726 917 1818 degradato
935 1741 1107 1798 uteretur.
1160 1725 1200 1795 in
1220 1723 1416 1815 prosecuti

383 1819 451 1926 :{*j'
551 1825 612 1902 sua
632 1828 823 1914 dixerunt,
850 1823 1089 1897 Melchiadem
1112 1825 1256 1895 tertium
1277 1824 1422 1915 Episco

384 1941 423 2002 2³2.
551 1929 597 1998 ab
621 1927 707 2014 itio,
734 1926 792 2014 qui
820 1937 905 1994 tunc
931 1939 1028 2013 erat,
1056 1944 1135 1994 cum
1158 1924 1303 1994 traditio
1329 1927 1397 1998 iila

386 2023 431 2104 ..’
550 2024 623 2098 Hic
641 2026 811 2118 cognitor
833 2022 1038 2115 requisivit,
1074 2038 1192 2096 utrum
1216 2019 1342 2095 saitem
1368 2027 1410 2099 in

387 2099 429 2218 ’,ξῖ
549 2123 662 2196 tionis
688 2121 791 2217 gestis
816 2120 901 2193 esset
926 2119 1144 2214 expressum,
1180 2125 1277 2213 quod
1305 2122 1418 2198 Strat

363 2217 431 2310 ..ff-ff
548 2241 616 2295 nus
638 2220 758 2294 suerit.
813 2218 859 2290 Et
882 2225 1070 2320 recitatum
1095 2220 1169 2310 est,
1197 2241 1276 2292 eum
1302 2221 1422 2298 horta

363 2319 437 2414 [ἑξ]
547 2321 688 2396 niffimae
713 2319 968 2412 superstitionis
995 2323 1237 2413 appellatum,
1273 2323 1384 2409 quod
1416 2347 1422 2398 1
