3200 4784
406 414 468 475 aa
493 391 884 532 Douurtsruauu
908 393 1153 484 Hrsraarr.
1251 414 1324 498 497

247 555 467 658 publicare.'
505 558 617 655 Igitur
635 572 696 631 aut
713 558 817 649 hujus
836 559 886 631 rei
901 556 1069 650 jacturam
1084 556 1213 649 faciat,
1230 561 1325 649 ‚quia

252 682 337 735 non
353 658 472 753 potest
490 660 709 751 approbare,
736 657 835 731 autfi
858 659 957 730 vaiet
981 660 1054 731 hoc
1077 660 1214 752 regnos
1238 656 1325 731 edo·
1362 697 1364 701 ·

246 771 365 850 cere,
393 760 453 832 vei
480 759 538 849 qui
566 759 670 853 iegati
694 754 851 848 fuerint,
887 760 947 830 vei
969 759 1112 844 quando
1136 758 1225 831 miffi·
1240 758 1323 850 (int,

254 862 320 932 vel
338 858 422 948 quid
440 859 675 950 pertulerint,
701 857 810 951 iegati
833 855 1035 929 mandatum
1055 860 1088 928 in
1103 851 1323 947 judiciorum
1381 871 1383 876 “

250 960 424 1032 notitiam
453 955 616 1029 adserere
640 955 837 1029 debeuunt.
888 954 960 1025 Vid
979 968 1003 1026 -t
1027 954 1225 1046 prestantia
1247 972 1322 1044 tua,

251 1058 346 1130 nihii
360 1078 427 1131 nos
441 1059 502 1128 abs
514 1069 709 1146 repetere:
729 1057 861 1145 quippe
873 1075 953 1126 cum
972 1052 1127 1146 ipsorum
1146 1054 1188 1125 fit
1207 1053 1323 1149 causa,

253 1177 323 1229 cur
343 1176 416 1229 non
432 1155 475 1228 ad
494 1155 635 1227 interna
648 1155 787 1246 negotii
808 1155 1004 1229 ueniamus.
1056 1152 1324 1243 Proposuerunt

252 1258 355 1329 enim
377 1276 424 1328 ex
444 1254 597 1330 mandati
621 1251 669 1323 sui
694 1268 843 1345 tenore,
869 1253 1168 1342 nescio‚‘quibus
1187 1250 1221 1326 se
1242 1251 1324 1327 alie·
1381 1292 1384 1304 ·
1413 1299 1415 1304 -

249 1358 462 1450 gationibua
478 1349 663 1426 adversum
682 1369 749 1424 nos
764 1352 855 1423 stare
873 1352 1016 1424 debete.
1050 1349 1123 1424 Has
1137 1351 1225 1440 ipsas
1241 1356 1325 1428 alie·

249 1457 420 1550 gationes
447 1453 480 1525 u
505 1474 573 1523 nos
598 1451 778 1542 poriumus
801 1448 969 1542 tegatnus
991 1448 1205 1522 testimoniis·
1223 1445 1324 1543 supe·

248 1574 346 1626 rate.
401 1550 500 1624 Prius
516 1548 567 1624 cst
586 1571 694 1646 erun,
721 1562 761 1620 ut
777 1551 882 1621 initio
900 1543 1049 1621 tutonis
1064 1547 1230 1632 exposito
1243 1549 1325 1643 per·

249 1650 378 1725 sonam
399 1649 491 1724 suam
508 1652 581 1723 ssve
597 1648 814 1741 suscipientis
829 1649 903 1720 sive
916 1648 1116 1722 mandantis
1133 1648 1169 1720 in'
1184 1641 1323 1740 judicio

253 1753 459 1842 approbate
479 1752 615 1824 valeat:
640 1766 728 1821 tunc
745 1745 885 1821 demum
905 1750 946 1817 ad
966 1750 1101 1842 ugoni
1121 1749 1246 1821 merita
1264 1750 1326 1823 de·

250 1847 455 1924 scendatur.
499 1851 628 1919 Brutia
649 1874 757 1922 mauu.
807 1845 987 1922 Emetitur
1009 1844 1206 1944 Episcopus
1229 1849 1325 1924 salva

251 1949 501 2042 appellatione
520 1947 736 2042 recognovi.
1002 1967 1009 1980 ··

332 2068 390 2141 57.
433 2053 626 2118 Vincentius
662 2047 826 2143 Episcopus
861 2039 997 2139 Ecclefiae
1023 2041 1191 2117 Curhuiicae
1216 2045 1325 2119 dixit.-

254 2146 357 2242 Quid
370 2143 421 2220 est
434 2142 548 2238 uliud,
569 2143 704 2233 causam
720 2146 900 2219 dimittere
915 2146 948 2219 dt
962 2144 1133 2244 personas
1151 2159 1324 2240 quaerere,

251 2245 320 2319 nist
338 2243 496 2341 effugere
512 2236 636 2318 vella?
663 2265 773 2337 quare
791 2243 946 2317 venisti?
974 2243 1022 2319 Et
1035 2248 1100 2318 ulia
1113 2272 1221 2336 mauu.
1255 2248 1327 2317 Re·

254 2346 430 2439 cognovi.
487 2341 665 2417 Petiliuuus
686 2347 849 2440 Episcopus
866 2347 971 2416 dixit:
1004 2342 1217 2437 Apersonis
1237 2342 1325 2417 inci·

251 2445 311 2539 pit
330 2444 447 2517 omnis
469 2438 580 2519 causa.
621 2446 667 2515 Er
681 2446 746 2514 aliu
766 2469 873 2513 manu.
913 2441 1105 2515 Petilianus
1126 2441 1323 2536 Episcopus

251 2544 482 2637 recognovi,
506 2543 606 2614 salvo
629 2542 758 2614 nostrae
779 2536 1028 2633 appellationis
1050 2532 1191 2619 effectu.
1239 2549 1323 2614 Vm·
1363 2607 1365 2612 ,

253 2648 381 2712 centius-
399 2644 562 2735 Episcopus
584 2642 717 2734 Ecclefiae
737 2640 905 2709 Catholicae
919 2643 1030 2714 dixit:
1064 2636 1154 2713 Non
1178 2635 1242 2715 tibi
1267 2641 1322 2715 fo·
1391 2725 1395 2736 Ι

252 2758 334 2812 rum
354 2754 455 2812 tuum
479 2739 695 2833 designavit,
730 2757 809 2828 quae
831 2729 954 2812 omiffa
973 2730 1074 2834 sunt,
1106 2744 1222 2836 repeti
1245 2756 1324 2816 non

253 2829 367 2934 posse.
411 2839 458 2909 Er
476 2839 543 2907 uiia
564 2862 671 2930 manu.
700 2834 930 2932 Recognovi.

330 2947 389 3026 58.
418 2932 628 3007 Murredium
643 2943 700 3007 uir
717 2928 905 3030 cluriffimur
924 2921 1090 3011 titianus
1106 2931 1146 3016 d
1159 2936 1321 3034 Minuitur

249 3037 358 3111 dixit.-
384 3029 626 3110 collationem
645 3029 745 3109 fuiiie
761 3031 982 3129 concedam,
1004 3031 1153 3111 coeiestis
1173 3030 1321 3136 sandio-

248 3137 308 3211 nis
331 3133 446 3208 forma
467 3135 674 3211 declaravit.
726 3129 799 3209 Cur
820 3157 917 3210 nunc
937 3139 1137 3234 legatorum
1158 3138 1322 3232 personet
1389 3190 1393 3198 κ

250 3235 290 3309 in
306 3235 461 3309 medium
479 3229 648 3325 veniant,
675 3234 828 3310 necdum
848 3230 1035 3331 diligenter
1054 3237 1206 3319 adverti.
1275 3295 1284 3316 ,

327 3351 386 3430 59.
414 3336 605 3429 Augustinus
618 3330 783 3432 Episcopus
805 3327 940 3433 Ecclefiae
959 3336 1127 3409 catholica
1142 3340 1250 3412 dixirt
1283 3326 1324 3410 Sl

250 3449 485 3528 negaremus,
503 3454 571 3507 noe
586 3424 722 3527 petiiffe
738 3429 996 3525 collationem,
1024 3430 1255 3527 imperatoris
1268 3446 1322 3509 te·

251 3530 423 3606 stimonio
439 3535 755 3608 convinceremur.
799 3529 979 3608 Habemus
995 3529 1251 3625 Imperatorem
1270 3549 1323 3608 tu·

250 3628 368 3724 stem,
401 3622 539 3724 petiiss‘e
564 3651 633 3707 nor
659 3624 885 3709 confitemur.
937 3628 1141 3725 Venimus,
1175 3644 1217 3704 ut
1242 3621 1320 3715 fiat,

253 3730 354 3821 quod
378 3728 413 3802 δι
436 3751 506 3804 nos
530 3733 747 3824 petivimus,
775 3732 809 3805 dt
833 3726 894 3805 ille
915 3725 1113 3840 concedit,
1148 3711 1321 3807 &adhuc

250 3827 390 3919 nescio,
408 3850 486 3922 que
503 3831 746 3905 dubitationes
758 3828 819 3905 uei
830 3826 1244 3925 moraeinterponuutur.
1271 3825 1322 3906 Er

249 3928 319 4001 ulia
337 3952 444 4000 manu.
481 3926 715 4026 Recognoui.

327 4027 389 4103 60.
418 4023 582 4102 Emetitur
602 4022 766 4128 Episcopus
787 4022 893 4099 dixirt
926 4019 1027 4103 'dcet
1047 4019 1119 4121 jam
1143 4017 1323 4120 profess'us

250 4138 292 4204 ο·
309 4137 458 4218 mrtem
510 4123 603 4220 Dic,
629 4127 774 4224 qundo
791 4114 953 4232 petiisti,
974 4127 1063 4226 dic,
1079 4137 1153 4226 pet
1167 4134 1354 4215 nuptus·

293 4219 680 4338 optutidsririuult
841 4278 843 4284 -
890 4216 944 4308 tt
1080 4317 1084 4332 ,
1218 4201 1338 4290 'dm‘
