3200 4784
358 404 360 420 =
422 365 915 442 oaDouaa1sa'nat'tu
940 360 1201 441 H1snoi1a.
1276 382 1347 460 571

241 525 250 619 ,²
279 523 342 606 sed
360 524 578 602 c'omntix'tos
598 527 704 598 bonis
719 525 834 597 malos
852 525 1052 598 intra‘retia
1069 520 1211 619 suorum
1228 522 1353 602 Sacra«

241 628 248 679 ¹
279 644 488 709 mentorum
508 626 649 699 futuros
673 625 848 711 doceret,
879 620 961 716 post
978 621 1270 698 resurreetionem
1289 649 1350 700 au·

241 725 257 773 ³¹
283 747 382 819 tem,
404 728 548 818 quando
562 724 654 816 juffit
671 723 761 796 retia
776 725 870 796 mitti
887 725 922 795 in
936 724 1119 797 dexteram
1135 739 1292 818 partem,
1307 739 1353 801 ut

281 827 365 925 post
385 823 679 900 resurreetionem
697 821 853 897 nostram
877 823 998 896 bonos
1022 820 1119 894 soloe
1140 825 1175 895 in
1191 821 1351 900 Ecclesia

257 929 428 1004 'futuros
447 926 748 1018 intelligeremus,
774 923 835 995 ubi
851 923 1000 994 ulterius
1023 919 1169 995 haereses
1191 922 1224 995 δι
1243 923 1352 998 schis-

282 1044 380 1105 mata
404 1042 482 1098 non
508 1037 634 1119 erunt,
661 1023 789 1113 quibus
814 1019 928 1096 modo
954 1022 1043 1094 retia
1069 1021 1363 1115 disrumpuntur:

281 1128 380 1203 Nam
408 1125 442 1196 δι
465 1122 701 1217 Evangelium
722 1139 798 1194 non
825 1122 938 1192 tacuit
958 1121 996 1213 in
1021 1122 1132 1213 prima
1152 1123 1352 1215 piscatione

282 1222 714 1311 commemorare‚=retia
736 1217 808 1292 effe
829 1219 1014 1313 disrupta,
1046 1220 1080 1293 ἃ
1105 1221 1142 1294 in
1165 1222 1351 1297 novissima

281 1325 434 1399 ditium:
469 1324 515 1394 Ee
534 1345 602 1390 cum
626 1338 691 1390 tam
713 1325 823 1412 magni.
836 1316 931 1410 affent
943 1319 1060 1415 pisces,
1087 1325 1169 1392 retia
1186 1347 1252 1391 non
1271 1324 1350 1409 ,tuns

283 1428 451 1520 disrupta,
478 1420 602 1494 detali
621 1418 776 1490 Ecclesia
794 1417 924 1491 ditium
945 1417 1034 1509 esse,
1062 1421 1160 1510 qnod
1177 1423 1352 1512 perillam
1386 1419 1388 1427 ⁴

282 1546 362 1600 non
385 1535 463 1596 erat
487 1521 699 1597 transiturus
723 1516 988 1592 incircumcisus
1010 1518 1280 1608 &immundus;
1309 1521 1354 1594 ad

282 1622 491 1700 immundos
517 1621 610 1691 enim
636 1619 818 1710 pertinere
840 1618 1079 1693 schismaticas
1097 1617 1354 1716 separationes,

285 1725 371 1813 quia
396 1738 483 1793 tunc
506 1739 583 1792 non
611 1732 735 1808 erunt,
769 1717 851 1812 quia
872 1718 962 1790 retia
987 1738 1063 1790 non
1082 1716 1162 1791 sunt
1180 1714 1352 1812 disrupta.

283 1823 375 1897 Hoc
400 1823 505 1893 etiam
530 1813 757 1913 significasse,
791 1815 890 1908 quod
917 1836 1051 1897 corvus
1072 1821 1152 1890 avis
1175 1819 1355 1894 immunda

269 1921 418 2012 ¹exierit
440 1921 485 1991 de
507 1938 609 2006 arca,
643 1917 676 1989 st
701 1936 779 1988 non
803 1916 962 1988 redierit.
1015 1919 1107 2013 Quae
1131 1930 1249 1991 tamen
1273 1940 1355 1993 arca

258 2098 266 2110 ³
285 2034 447 2092 exeunte
467 2036 586 2090 corvo
603 2036 680 2089 non
695 2017 822 2106 utique
838 2015 1004 2089 omnibus
1020 2017 1208 2090 immundis
1225 2019 1357 2092 anima·

274 2121 381 2195 ¹libus
399 2122 535 2206 caruit,
563 2113 678 2188 sedin
700 2135 742 2187 ea
762 2114 910 2188 suerunt
926 2113 958 2185 δι
975 2115 1105 2188 munda
1123 2115 1156 2189 sa
1173 2118 1355 2192 immunda

286 2239 404 2308 usque
420 2219 462 2289 ad
479 2216 675 2308 diluvium,
699 2214 789 2287 sicut
805 2216 840 2288 in
857 2212 1023 2303 Ecclesia
1037 2216 1125 2288 boni
1146 2217 1179 2288 δι
1197 2219 1278 2289 mali
1298 2238 1357 2288 us-

287 2339 361 2408 que
379 2319 421 2390 ad
441 2315 546 2388 seculi
565 2312 684 2390 finem.
735 2314 805 2387 Sed
820 2314 908 2387 sicut
920 2333 993 2385 non
1010 2316 1054 2385 de
1070 2316 1277 2406 immundis,
1295 2313 1355 2389 sed
1388 2369 1390 2375 -

289 2419 338 2490 de
354 2417 492 2490 mundis
507 2417 713 2488 animalibus
725 2413 813 2486 Noe
827 2414 964 2485 obtulit
977 2409 1199 2503 sacrificium,
1217 2415 1266 2486 ita
1279 2435 1356 2488 non

289 2520 339 2605 ii,
366 2519 426 2605 qui
448 2515 527 2586 mali
545 2513 647 2600 sunt,
674 2510 793 2601 sedit,
820 2511 879 2600 qui
902 2510 991 2582 boni
1013 2509 1113 2600 sunt,
1140 2515 1360 2603 perveniunt

293 2615 338 2685 ad
363 2633 457 2685 eum.
509 2611 567 2681 De
585 2608 777 2699 Prophetis
798 2609 927 2701 etiam,
955 2609 1037 2698 quia
1053 2610 1216 2683 dixerant
1235 2613 1364 2685 Dona·

292 2709 383 2786 tistae
406 2713 444 2783 in
469 2708 597 2781 litteris
622 2705 690 2779 suis
714 2727 789 2797 non
813 2727 878 2782 eos
906 2711 1170 2783 communicare
1196 2711 1287 2806 iilis,
1320 2713 1358 2785 in

294 2830 388 2902 quoa
411 2811 501 2881 mala
524 2821 624 2880 tanta
647 2807 844 2889 dixerunt,
877 2805 1139 2900 responderunt
1165 2809 1361 2904 Catholici,

295 2910 395 3003 quod
412 2930 520 2981 unum
536 2908 706 3000 templum
721 2905 849 2999 fuerit,
878 2927 950 2997 quo
975 2908 1130 2980 universa
1149 2914 1361 3002 utebantur,

294 3032 365 3084 nec
376 3029 587 3111 quemquam
598 3004 936 3098 Prophetarum,qui
951 3021 1051 3079 tanta
1062 3007 1275 3081 dixeruntin
1288 3031 1363 3084 ma·

279 3114 376 3201 ios,
403 3105 620 3180 constituisse
634 3104 695 3179 fibi
713 3106 806 3177 aliud
823 3107 1016 3198 ternplum,
1039 3103 1225 3199 sacrificia,
1252 3105 1364 3180 sacer·

298 3209 417 3283 dotes.
468 3204 517 3277 Et
541 3207 622 3297 quia
644 3203 842 3277 Donatistae
864 3224 901 3276 in
926 3206 1054 3278 litteris
1077 3204 1145 3278 suis
1168 3206 1365 3300 posuerant

298 3306 499 3381 testimonia
514 3304 785 3398 scripturarum,
812 3306 938 3394 quibus
953 3302 1204 3398 ostenderent,
1224 3307 1266 3378 ad
1280 3328 1365 3401 pee-

299 3421 380 3480 cata
403 3419 588 3498 parentum
608 3406 714 3477 etiam
736 3401 833 3475 filios
854 3407 1055 3495 pertinere,
1081 3402 1184 3498 (cum
1204 3405 1277 3478 hoc
1296 3407 1367 3478 uti·

300 3527 372 3599 que
389 3524 569 3595 nunquam
583 3501 679 3577 resse
695 3499 914 3576 intellettum
930 3503 971 3576 sit
986 3503 1047 3576 nisi
1064 3503 1109 3575 de
1123 3505 1165 3575 iis
1181 3501 1281 3587 filiis,
1304 3505 1368 3595 qui·

299 3605 506 3695 iniquitates
527 3618 712 3696 parentum
737 3602 998 3700 imitarentun)
1020 3600 1283 3694 responderunt
1300 3603 1369 3678 Ca-

301 3705 451 3795 tholici,
475 3723 555 3776 cum
571 3717 670 3775 tanta
690 3705 727 3776 in
751 3703 850 3776 illum
871 3704 1045 3795 populum
1065 3701 1242 3776 &acerba
1262 3703 1367 3782 diua.

302 3802 381 3875 Sint
401 3804 532 3876 divinis
554 3802 727 3894 eloquiis,
761 3815 804 3874 ut
821 3801 916 3894 quasi
932 3804 1048 3875 nullus
1067 3802 1154 3876 illue
1169 3800 1369 3879 remansisse

304 3901 492 3976 videretur
506 3904 723 3996 bonus,non
737 3898 851 3975 solum
866 3901 916 3974 ibi
929 3900 1077 3975 fuerunt
1091 3900 1196 3977 iidem
1210 3903 1273 3995 ipsi
1283 3902 1371 3975 Pro·

306 4003 425 4100 pheto
450 4000 583 4097 santii,
621 4022 749 4077 veruta
775 4001 884 4081 etiam
909 4021 954 4074 ex
978 3996 1063 4096 ipso·
1081 4004 1221 4098 populo
1248 3999 1371 4078 exorti

251 4120 257 4134 ¹
728 4147 733 4162 .
1213 4112 1342 4169 etant„

481 4370 680 4410 ''.A
771 4380 852 4410 ka
