3200 4784
306 439 380 537 38⁶
552 384 889 513 Morene-rau
917 432 1128 512 Venena
1266 408 1271 417 ⁸

307 595 454 677 nostros
475 593 507 668 ba
528 591 635 685 sune,
671 614 751 669 cum
773 596 846 687 jam
868 592 1068 669 Catholicae
1088 595 1226 669 unitati
1249 594 1382 675 suerint

308 696 460 786 sociati,
494 696 555 766 vel
583 710 728 789 purgata
752 692 1019 774 monstrentur,
1043 696 1106 768 vel
1125 696 1305 771 convicta
1327 720 1383 794 pu·

311 801 468 874 niantur.
495 793 583 867 Hac
596 813 643 866 eo
655 794 785 884 modo,
796 792 1087 889 quo-conscripta
1099 793 1197 891 sunt,
1214 796 1252 870 or
1266 799 1293 873 sr
1307 798 1384 891 quid

309 896 456 971 uberius
474 896 534 966 vel
554 891 688 966 firmius
708 893 758 964 eis
777 893 956 965 Dominus
978 894 1137 981 dederit,
1171 900 1385 989 exequenda

310 993 518 1077 mandamus
544 994 713 1065 fratribus
741 993 775 1065 δι
800 991 1036 1086 coepiscopis
1061 992 1195 1067 nostrie
1222 994 1385 1091 Aurelio,

309 1094 476 1187 Alypio,
504 1090 727 1188 Augustino,
753 1093 978 1185 Vincentio,
994 1090 1232 1187 Fortunato,
1260 1096 1384 1171 Fortu·

236 1196 239 1203 '
310 1196 462 1271 mariano
485 1192 516 1263 ot
542 1190 707 1266 Possidio.
764 1193 879 1287 Quod
905 1194 1108 1265 mandatum
1133 1191 1170 1265 se
1200 1192 1384 1291 suscepisse

309 1293 484 1366 testantur
499 1288 814 1383 subscriptionibus
831 1288 922 1381 suia,
947 1290 1037 1364 ficut
1051 1310 1121 1364 nos
1136 1293 1326 1368 mandasse
1340 1310 1383 1368 te

309 1392 442 1467 stamur
458 1387 773 1479 subscriptionibus
789 1390 943 1479 nostris,
959 1406 1074 1463 ratum
1087 1390 1276 1487 habituri,
1295 1392 1383 1487 quid·

311 1488 400 1586 quid
418 1490 612 1580 adjuvante
630 1490 791 1561 Domino
809 1490 846 1560 in
863 1490 929 1561 hac
942 1488 1150 1563 defensione
1163 1496 1380 1589 peregerint

311 1591 380 1667 His
402 1606 520 1661 autem
536 1589 778 1682 adjungimus,
807 1608 887 1660 cum
904 1590 1051 1679 quibus,
1077 1589 1138 1660 ubi
1154 1610 1256 1683 opus
1269 1592 1383 1686 suerit,

229 1711 231 1714 ·
311 1690 500 1763 consilium
518 1688 694 1777 habeant,
717 1686 933 1781 Novarum,
953 1687 1199 1777 Florentium,
1217 1690 1382 1767 Mauren-

309 1790 423 1878 tium,
450 1784 603 1860 Priscum
613 1824 635 1876 ,·
653 1787 911 1877 Serenianum,
937 1785 1186 1880 Bonisacium,
1217 1788 1380 1865 &Scilla-

310 1890 424 1962 tium:
460 1885 503 1957 ad
527 1883 794 1959 custodiendam
818 1904 912 1959 vero
938 1884 1248 1978 conscriptionem
1274 1890 1380 1988 gello·

309 2006 390 2060 rum
406 1987 643 2079 neoterium,
668 1984 856 2080 Leonem,
883 1984 1065 2061 Asterium
1093 1985 1377 2067 &Restitutum

311 2088 387 2185 Quo
407 2090 541 2158 recitare

384 2204 446 2293 56.
476 2198 685 2274 Marcilium
706 2204 763 2273 vir
779 2198 966 2295 clarissimus
989 2198 1212 2283 Tribunus&
1224 2211 1377 2281 illotarius

308 2304 419 2397 dixit:
440 2302 632 2404 Quoniam
655 2320 700 2377 ex
721 2300 941 2379 recitatione
954 2304 1132 2395 mandati,
1160 2310 1265 2399 quod
1325 2308 1375 2383 llir

308 2404 544 2500 presentibus
563 2400 769 2491 adherebit,
789 2401 930 2489 claruit,
953 2401 1076 2476 divina
1094 2406 1203 2501 magis
1224 2420 1265 2482 te
1296 2408 1374 2483 imo·

309 2507 370 2579 nia
392 2524 495 2595 quam
518 2500 674 2576 forensia
693 2501 838 2575 vincula
859 2500 929 2575 else
950 2504 1115 2594 prolata,
1143 2504 1178 2576 δι
1198 2508 1307 2582 edroi
1326 2528 1376 2601 pa·

308 2604 398 2678 riter
421 2604 490 2676 mei
514 2613 683 2675 tenorem
705 2599 807 2674 fuisse
829 2599 1029 2689 servatum,
1056 2603 1092 2674 in
1117 2624 1278 2682 numero
1300 2605 1375 2680 scili·

309 2718 372 2776 cet
393 2702 617 2798 deligendo,
654 2698 905 2794 &Imperialis
935 2700 1202 2780 constitutionis
1229 2706 1372 2783 forman

308 2803 544 2877 nihilominus
569 2797 801 2874 custoditamr
835 2800 1015 2893 ideoque,
1045 2802 1216 2893 quoniam
1241 2806 1372 2899 justitie

309 2902 405 2975 ordo
428 2902 502 2974 hoc
520 2896 699 2996 postulat,
733 2900 840 2975 etiam
857 2898 1133 2999 subscriptiones
1150 2908 1314 2983 omnium
1326 2927 1373 2981 re·

310 3001 481 3075 citentur.

348 3108 350 3113 ’
386 3142 445 3213 57.
476 3116 626 3190 Romulus
642 3134 783 3215 exceptor
797 3122 970 3192 recitauit:
992 3116 1164 3196 Aurelius
1179 3118 1371 3218 Episcopus

306 3204 479 3293 Ecclesia
508 3216 705 3291 Catholicae
729 3216 933 3313 Carthagini
958 3220 1174 3296 constitutus
1205 3224 1369 3316 praesente

307 3318 392 3392 viro
418 3316 602 3391 clarishmo
631 3316 799 3391 Tribuno
823 3316 1034 3391 &Notario
1057 3320 1280 3399 Marcellino
1305 3324 1370 3399 hor

306 3419 512 3497 mandatum
531 3413 713 3511 suscepi&
733 3414 923 3508 subscripsi.
975 3421 1050 3489 ham
1070 3422 1137 3493 alia
1158 3448 1272 3502 manu.
1313 3423 1371 3497 Sil·

305 3538 422 3596 vanus
442 3518 561 3609 prima
576 3514 663 3605 sedis
681 3514 882 3589 Provinciae
897 3516 937 3591 N
940 3519 1076 3593 umidiae
1092 3520 1268 3615 presente
1291 3524 1369 3597 viro
1407 3500 1411 3683 1

304 3617 492 3693 clarissimo
526 3615 742 3688 Marcellino
769 3615 937 3689 Tribuno
970 3617 1194 3693 &Notario
1226 3620 1372 3697 Cartha·

329 3715 379 3788 ini
393 3715 609 3788 constitutus
626 3716 794 3791 mandato
809 3718 946 3790 anobis
962 3716 1056 3791 sablo
1072 3718 1282 3795 consensi&
1298 3720 1371 3807 sub·
1409 3724 1411 3733 '

245 3815 248 3823 '
300 3733 431 3905 icripli.
462 3818 540 3887 irem
551 3816 616 3884 ulia
632 3839 739 3883 manu.
769 3815 984 3891 Valentinus
998 3816 1195 3914 Episcopus
1206 3818 1372 3897 Ecclesia

298 3906 506 4000 Vajaneuhs
521 3911 724 4010 Carthagini
752 3917 967 4007 constitutus
992 3916 1165 4007 presente
1190 3924 1276 3994 viro
1303 3925 1373 3996 cla·

297 4006 429 4089 riffimo
453 4012 671 4091 Marcellino
696 4012 864 4091 Tribuno
892 4015 1110 4095 &Notario
1138 4022 1309 4098 mandavi
1335 4020 1370 4097 or

1083 4120 1411 4235 »ΕΜ
