3200 4784
259 424 264 432 ’
309 434 384 521 tre
524 368 1130 553 Monuit-nurevnnene'
1169 366 1180 455 ἶ

309 600 370 664 tur
389 578 511 659 officio
530 590 660 676 preter
679 603 768 675 eos,
795 584 855 674 qui
872 582 1045 659 dicationi
1061 608 1149 662 tneae
1164 585 1210 663 de
1223 591 1386 683 publicis

307 684 558 784 praestolantur
574 681 722 772 officiis,
745 686 868 757 tetiam
890 687 1054 775 quaterni
1074 686 1120 761 de
1137 687 1287 784 singulis
1305 716 1387 787 par·

309 786 405 862 tibus
429 781 662 856 Ecclesiastlci
685 784 830 854 alternis
853 781 1038 856 debebunt
1063 786 1200 860 adstare
1221 797 1384 869 notarii:

310 904 465 979 quorum
488 878 577 954 fider
596 904 642 955 ne
660 902 729 973 qua
748 882 896 955 vacillet
915 886 1082 978 ambage,
1109 892 1279 978 quaterni
1297 890 1385 987 Epi.

308 982 410 1077 scopi
434 984 587 1077 partium
603 982 812 1076 singularum
832 978 960 1055 deledii
976 982 1119 1058 suorum
1130 987 1276 1077 judicio
1291 1012 1384 1084 prn-

307 1097 515 1193 ponantur,
542 1096 583 1152 ut
604 1081 751 1154 eosdem
776 1093 992 1181 exceptqres
1011 1104 1052 1155 ae
1074 1088 1241 1161 notarios
1259 1096 1383 1183 pervi-

259 1224 263 1231 -
307 1184 369 1282 gili
395 1204 437 1257 ac
460 1178 613 1254 sollicita
637 1177 895 1254 observatione
918 1180 1151 1279 custodiant,
1192 1206 1381 1279 quatenus

308 1303 392 1359 curn
414 1278 548 1355 eisdem
572 1280 829 1373 exceptoribus
860 1300 902 1351 ac
922 1284 1075 1355 notariis
1095 1285 1216 1379 egl'effi
1236 1310 1308 1381 per
1327 1294 1386 1377 qi·

215 1454 223 1461 .
308 1404 368 1457 ces
401 1378 548 1455 subinde
586 1378 718 1452 faciant
749 1377 936 1471 perspicua
967 1380 1078 1475 digeri
1112 1382 1378 1487 descriptione,

306 1502 384 1577 quae
410 1478 500 1554 diua
523 1476 627 1570 sunt,
648 1492 704 1549 ·ut
726 1479 958 1551 nihilominus
978 1480 1094 1553 adhuc
1110 1479 1305 1582 Episcopis
1326 1490 1379 1565 su·

302 1580 469 1679 pradiilis
486 1579 523 1651 in
542 1576 800 1669 disceptatione
819 1576 1041 1652 versantibus
1065 1596 1225 1656 transeat
1245 1590 1286 1661 in
1303 1593 1379 1685 api·

304 1702 367 1755 ces
392 1677 583 1753 evidentes
608 1675 809 1775 profligatae
832 1696 913 1769 pars
937 1678 1053 1771 eliqua
1075 1681 1308 1783 questionis,
1336 1706 1378 1765 ut

304 1776 495 1855 confestim
516 1796 566 1873 ea
584 1796 664 1850 curn
678 1796 706 1848 a
725 1772 878 1868 septenis
900 1774 1089 1871 Episcopis
1110 1779 1271 1859 subnexa
1296 1790 1376 1865 sub

301 1880 497 1973 scriptione
515 1878 669 1950 celerem
687 1874 932 1969 expediatloni
956 1879 1107 1969 publicae
1122 1882 1289 1961 tribuunt-
1304 1910 1372 1965 n0·.

301 1980 453 2053 tionem.
514 1974 599 2049 Post
620 1977 772 2069 primurn
796 1988 915 2051 autern
945 1978 1153 2052 collationis
1182 1982 1281 2061 diem
1311 1990 1372 2063 de.

300 2076 487 2171 scriptioni
504 2074 826 2169 subscriptionique
847 2074 1026 2171 gestorum
1054 2080 1175 2154 locum
1200 2084 1274 2157 diei
1294 2086 1370 2161 sub-

216 2250 224 2265 ,
298 2177 479 2269 sequentis
506 2172 638 2249 efficiet
662 2174 921 2267 procrastinata
940 2177 1134 2271 cognitio,
1166 2181 1310 2279 itaut,
1343 2188 1368 2263 ii

300 2277 385 2379 quid
407 2276 508 2351 sorte
531 2273 748 2369 precedenti
772 2274 960 2347 collationi
986 2277 1181 2372 supererit,
1209 2284 1248 2357 in
1271 2286 1364 2362 diem

299 2380 446 2452 tertium
462 2371 624 2450 recurret
639 2362 799 2449 eiramen.
851 2372 971 2447 Ornne
988 2376 1094 2470 igitur
1109 2377 1270 2468 spatium·
1281 2407 1366 2460 cun·

297 2477 439 2553 ferendi
453 2474 597 2550 vieiffim
613 2474 683 2548 diei
700 2476 803 2546 unius
817 2472 1052 2566 intercapedo
1066 2477 1273 2576 distinguet,
1292 2506 1362 2577 quo

296 2576 427 2674 possint
446 2578 484 2649 in
505 2576 626 2651 medio
648 2573 743 2670 gesta
761 2570 909 2647 subinde
927 2571 1174 2650 subscribenda
1195 2580 1360 2678 describi,

294 2688 579 2753 memoratorum
608 2672 835 2767 praestolante
870 2672 1052 2764 custodia,
1091 2679 1150 2767 qui
1181 2680 1259 2755 hoc
1290 2682 1361 2758 fine

295 2772 394 2851 suum
416 2776 610 2849 metiantur
629 2771 804 2859 officium,
832 2793 909 2845 non
930 2788 971 2845 ut
987 2774 1116 2865 aliquid
1131 2777 1280 2875 dicant,
1304 2782 1359 2856 sed
1403 2836 1406 2852 .

294 2890 336 2948 ut
354 2874 444 2949 dista
460 2874 675 2948 custodiant.
709 2872 844 2945 Donec
860 2884 979 2945 autern
993 2873 1137 2948 emenso
1155 2880 1256 2953 exitu
1270 2904 1357 2974 quae·

293 2972 449 3049 stionum
485 2994 611 3048 omnes
650 2970 818 3066 expedita
853 2972 985 3045 veritas
1017 2976 1154 3047 enodet
1181 2983 1356 3078 ambages,

292 3072 438 3146 schedas
453 3071 602 3146 subinde
616 3070 762 3165 scriptas
783 3073 1037 3164 pariteratque
1053 3071 1266 3169 subscriptas
1288 3097 1356 3159 tarn
1404 3120 1406 3149 l

290 3176 362 3249 mei
387 3173 487 3269 sigilli
511 3192 616 3263 quarn
638 3173 782 3244 illorum
805 3169 890 3242 odio
912 3170 1099 3246 custodum
1123 3174 1275 3282 signabit
1296 3185 1356 3258 im.
1404 3176 1406 3281 l

286 3272 428 3369 preffio.
486 3269 755 3344 Maximianistis
779 3271 885 3343 etiam
909 3270 1013 3342 editli
1031 3272 1135 3362 hujus
1152 3278 1355 3355 innotescat
1404 3288 1406 3309 '

286 3372 496 3465 audioritas,
515 3384 583 3463 qua
596 3370 658 3443 fibi
672 3373 716 3443 ab
731 3370 795 3440 illo
814 3366 982 3441 Concilio
997 3371 1199 3469 intelligant
1219 3392 1355 3472 ternpe·
1404 3382 1406 3471 i

285 3472 459 3565 randum,
486 3471 585 3563 quod
600 3471 695 3542 inter
712 3466 924 3541 Catholicos
938 3468 1220 3564 Donatistasque
1237 3479 1355 3555 distin·
1404 3478 1406 3561 l

285 3574 347 3667 gui
368 3592 512 3646 ornnem
530 3569 753 3662 iudicarique
775 3566 979 3641 conflitium
1004 3570 1233 3648 clementium
1254 3578 1354 3653 Prin·
1404 3569 1406 3669 i

285 3673 404 3763 cipum
425 3671 622 3763 praeceptio
643 3666 806 3764 religiosa
824 3666 1029 3756 constituit;
1063 3692 1132 3743 nec
1156 3675 1206 3744 eis
1232 3681 1354 3772 opitu·
1404 3720 1406 3737 ι

280 3769 347 3842 lari
376 3762 600 3862 aliquatenus
622 3765 749 3861 posse,
781 3767 880 3858 quod
903 3768 964 3840 srbi
991 3768 1259 3848 Donatistarum
1285 3799 1353 3851 nn.
1404 3746 1406 3842 l

280 3868 378 3941 mine
403 3870 663 3950 blandiuntur,
702 3888 782 3941 curn
812 3889 831 3939 a
857 3867 1056 3942 Donatistis
1087 3873 1251 3945 dicantur
1282 3876 1355 3952 else

279 3966 446 4044 damnati.
498 3969 628 4061 Siquis
647 3990 692 4039 ex
711 3968 806 4058 illis,
833 3987 910 4058 quae
925 3967 1238 4046 adversus‘onines
1254 3981 1350 4050 rnul-

270 4064 1120 4167 tisariaesuspicionis‘infidiasprovisa-sollicite,
1149 4071 1349 4243 cotgilgtura
1404 4060 1406 4094 ⁵
