3200 4784
526 382 677 455 218
1033 349 1695 448 Moriuntur-A
1743 371 2172 451 vna-nu·
2283 357 2294 370 ’

535 535 655 626 qui
706 531 1032 606 instinRu
1076 546 1640 607 memoratorum
1697 533 2114 624 quibusdam·
2161 551 2297 627 pro
2333 534 2676 609 moribus

532 635 621 709 ad
655 654 988 725 munera,
1040 632 1165 705 vel
1196 634 1282 705 ad
1313 629 1884 705 Decurionatum
1923 635 2171 706 vocati
2204 633 2406 730 suut,
2449 636 2676 726 juxta

527 731 868 808 statutum
906 733 1081 828 legis
1123 753 1299 806 meae
1346 731 1435 804 ad
1472 733 1746 805 nullum
1786 753 2041 806 munus
2093 732 2298 806 statui
2343 754 2668 807 evocan-
2711 757 2720 772 ·

529 833 692 908 dos.
812 831 951 904 Sed
1000 831 1068 903 δι
1113 851 1315 923 eos‚·
1355 831 1476 922 qui
1531 829 1720 904 ducti
1779 831 1936 904 sunt
1983 835 2496 906 ¹haereticorum
2566 835 2726 906 in-x

525 931 833 1023 fimeta,
893 930 1203 1026 jussimus
1256 932 1591 1024 protinus
1647 930 1988 1004 molestiae
2039 929 2672 1025 pel-functionibus

528 1030 830 1104 absolvi.
925 1033 1045 1106 De
1093 1045 1359 1103 caetero
1395 1031 1609 1104 etiam
1641 1032 1869 1125 legem
1907 1053 2136 1104 meam
2172 1031 2377 1126 super
2404 1029 2671 1105 Eccle-

525 1129 838 1204 ssasticos
879 1129 1111 1204 datam
1150 1129 1488 1202 custodiri
1524 1131 1893 1202 mandavi:
1947 1152 2100 1222 quae
2131 1129 2372 1205 omnia
2415 1147 2499 1202 ut
2532 1153 2668 1203 ve-

516 1229 681 1320 firae
705 1230 1068 1322 patientiae
1095 1231 1323 1324 palam
1350 1225 1655 1317 fierent3
1711 1230 1957 1303 harum
1983 1232 2374 1304 litterarum
2414 1229 2668 1304 testifi-

524 1331 818 1403 catione
838 1327 1227 1422 perscripta
1249 1329 1425 1401 sunt.
1478 1325 1575 1400 Et
1594 1331 1865 1404 utinam
1887 1331 2166 1421 quidem
2192 1331 2664 1404 haeretici-vel

518 1427 937 1503 schismatici
962 1430 1341 1519 aliquando
1364 1419 1498 1500 su'ae
1519 1425 1717 1499 saluti
1740 1429 2242 1521 providerent,
2270 1430 2334 1503 &
2359 1432 2660 1504 deterfis
2701 1431 2708 1436 ’

523 1550 778 1601 eorum
828 1530 1142 1602 tenebris
1182 1528 1267 1599 ad
1305 1528 1652 1600 vifionem
1689 1548 1880 1599 verae
1918 1531 2093 1600 lucis
2132 1533 2391 1608 oculos
2426 1532 2660 1622 aperi-

518 1642 714 1718 rent,
749 1627 817 1698 &
845 1649 882 1699 a
906 1628 1200 1699 diabolo
1228 1626 1682 1713 secederent,
1718 1627 1781 1698 &
1814 1628 1897 1700 ad
1921 1627 2195 1720 Deum,
2231 1632 2346 1721 qui
2370 1650 2555 1701 unus
2588 1631 2659 1701 ὃς

519 1747 790 1817 verus,
842 1727 963 1817 qui
999 1728 1314 1800 omnium
1341 1727 1561 1818 judex
1596 1726 1740 1819 est,
1791 1731 1910 1800 vel
1947 1727 2104 1800 sei-o
2139 1729 2652 1825 confugerent.

519 1824 659 1901 Sed
709 1826 871 1917 quia
910 1823 1189 1900 constat
1221 1878 1246 1918 ‚
1316 1847 1444 1899 eos
1491 1829 1562 1898 in
1602 1825 1717 1899 sua
1751 1828 2016 1901 malitia
2058 1849 2386 1910 manere,
2457 1829 2524 1900 &
2576 1832 2653 1903 in

515 1924 653 1999 suis
685 1925 1124 2000 facinoribus
1145 1927 1328 1998 mori
1350 1927 1571 2014 velle,
1606 1925 1856 1999 sufficit
1886 1928 2134 2001 iisdem
2176 1929 2651 2022 commonitis

515 2024 760 2116 nostra
798 2026 863 2097 &
906 2026 1316 2118 praecedens
1357 2024 1608 2097 affidua
1641 2027 2086 2102 cohortatio,
2143 2059 2152 2074 ·
2190 2027 2260 2100 Si
2297 2030 2482 2100 enim
2509 2026 2652 2119 juss·

512 2124 828 2199 fionibus
850 2123 1108 2198 nostris
1136 2126 1639 2216 obtemperare
1670 2124 2087 2214 voluiffent‚
2117 2130 2203 2199 ab
2228 2128 2423 2200 omni
2446 2130 2647 2201 malo

511 2225 1009 2304 liberarentur.
1079 2223 1246 2297 Nos
1281 2239 1522 2296 tamen
1556 2223 1840 2299 Fratres
1873 2225 2239 2315 sequamur
2272 2279 2295 2317 ‚
2319 2247 2649 2317 quae‘no-

509 2323 650 2396 stra
708 2323 924 2417 sunt,
995 2324 1341 2399 mandatis
1392 2323 1728 2397 instemus
1763 2379 1787 2415 ‚
1861 2322 2650 2399 custodiamus‘divina

509 2437 907 2518 praecepta,
959 2445 1046 2497 ex
1086 2425 1301 2497 bonis
1338 2422 1603 2496 astibus
1648 2426 1868 2497 vitam
1904 2424 2218 2505 nostram
2257 2427 2344 2498 ab
2382 2428 2652 2497 errori-

508 2524 643 2595 bus
688 2526 1187 2614 vindicantes,
1238 2522 1537 2597 favente
1577 2522 1718 2596 Dei
1771 2519 2296 2614 misericordia,
2351 2543 2480 2619 per
2527 2544 2647 2598 re-

509 2620 695 2697 ctum
726 2625 1020 2698 limitem
1056 2623 1456 2718 dirigamus.
1558 2623 1751 2696 Data
1774 2623 1976 2697 Non.
2012 2622 2218 2697 Febr.
2252 2623 2559 2696 Serdica.

2233 2779 2630 2834 ===m

528 2776 623 2831 «ΒΕ
