3200 4784
480 463 484 468 .
628 393 779 472 Lim
810 412 1051 472 uterinus.
1307 418 1374 474 111

273 572 364 636 ¹tur
382 557 485 651 quod
500 577 594 652 opus
611 577 689 632 non
711 554 782 648 est,
809 556 1048 628 'conculcetur
1071 553 1169 646 quod
1195 573 1288 650 opus
1311 559 1375 635 est.

297 661 439 736 Pariter
461 659 556 752 jusit
574 651 731 732 Christus
754 659 792 730 in
821 676 908 750 agro
931 655 995 726 suo
1018 675 1084 748 per
1107 669 1224 727 totum
1246 660 1373 734 orbern

302 773 502 851 terrarum,
520 761 648 850 inquo
666 755 717 830 est
734 776 806 829 una
818 741 1000 847 Eccleste,
1023 753 1201 828 &semina
1216 751 1275 830 susa
1294 778 1372 832 cre-

298 859 402 934 scere
428 860 462 932 dt
487 860 612 932 aliena.
671 854 755 930 Post
776 870 962 929 crementa
987 855 1214 950 communia,
1242 872 1374 932 ventu·

300 974 407 1032 turus
421 957 474 1032 est
485 957 610 1052 judicii
633 957 729 1038 dies,
756 958 815 1048 qui
835 955 945 1028 nneffis
963 953 1014 1027 est
1034 957 1249 1048 animarum,
1275 955 1372 1032 sede.

301 1061 360 1134 bit
377 1059 488 1151 judex
512 1055 605 1130 filius
626 1056 720 1147 Dei,
754 1054 814 1146 qui
833 1052 995 1149 agnoscit
1014 1053 1098 1146 quid
1117 1051 1168 1126 est
1186 1053 1306 1150 suurn,
1335 1059 1370 1132 dc

302 1159 389 1249 quid
408 1160 573 1231 alienum.
624 1154 723 1228 Illius
742 1155 811 1226 erit
829 1153 961 1247 eligere
979 1154 1063 1245 quid
1083 1154 1219 1230 condat
1233 1157 1270 1228 in
1289 1159 1373 1230 hor·

301 1278 391 1340 reo,
425 1255 560 1349 &quid
585 1255 701 1327 tradet
725 1252 922 1326 incendio:
958 1272 1049 1344 quos
1075 1254 1126 1328 ad·
1142 1254 1372 1332 interminata

301 1370 486 1430 tormenta
504 1353 676 1428 destinet:
710 1351 888 1442 &quibus
906 1351 1073 1444 promissa
1088 1355 1372 1449 praemia'reprae·

301 1457 431 1531 sentet.
458 1452 705 1552 Agnoscamus
722 1472 791 1524 nos
809 1472 934 1526 omnes
951 1452 1115 1526 homines
1132 1449 1213 1526 esse.
1244 1451 1370 1530 Nemo

299 1557 363 1631 fibi
381 1554 524 1650 usurpet
538 1554 653 1628 divini
663 1551 788 1645 judicii
807 1551 1033 1645 potestatem.
1083 1549 1178 1626 Nam
1194 1551 1218 1626 li
1233 1552 1294 1626 srbi
1312 1568 1370 1627 to·

302 1670 381 1729 tum
397 1655 561 1728 vindicet
586 1653 705 1743 quivis
724 1650 945 1745 Episcopus,
972 1652 1131 1726 dicotur:
1159 1651 1242 1744 quid
1261 1655 1296 1726 in
1313 1656 1370 1744 ju-

300 1755 398 1828 dicio
416 1753 555 1826 asturus
571 1751 622 1826 est
636 1749 822 1823 Christus?
849 1752 940 1824 Satis
956 1751 1170 1843 othenini,
1188 1751 1213 1824 sl
1229 1752 1273 1824 de
1286 1775 1370 1846 pec·

302 1868 388 1924 cato
407 1849 471 1922 suo
491 1873 572 1926 reus
594 1871 669 1923 non
696 1850 759 1941 stt,
785 1869 889 1941 quam
910 1863 952 1922 ut
969 1850 1014 1924 de
1033 1853 1152 1923 alieno
1169 1851 1279 1942 judex
1299 1853 1370 1932 esse

299 1950 487 2025 defideret
551 1949 724 2024 Profeffio
744 1949 898 2041 denique
913 1948 1034 2022 nostra
1051 1948 1122 2042 est,
1148 1951 1251 2024 bono
1268 1956 1367 2047 pecie

299 2071 371 2123 vos
395 2069 471 2124 non
489 2049 691 2142 repellere..
728 2047 843 2122 Nefas
861 2047 912 2122 est
932 2050 1047 2143 enim,
1073 2063 1114 2122 ut
1131 2046 1299 2144 Episcopi
1317 2053 1369 2128 sa·

300 2151 435 2222 ciamus
464 2150 564 2240 quod
591 2147 761 2242 Apostoli
789 2169 866 2222 non
892 2143 1090 2243 fecerunt,
1127 2153 1187 2241 qui
1215 2153 1367 2244 permiffi

297 2270 375 2323 non
396 2246 477 2320 sunt
495 2250 557 2322 vel
578 2247 709 2322 semina
728 2247 913 2344 separare,
947 2253 1007 2322 vel
1026 2249 1071 2324 de
1087 2251 1211 2324 tritico
1228 2252 1368 2328 zizania

297 2351 470 2422 evellere.
644 2373 648 2378 ·

374 2469 408 2541 3.
435 2445 549 2546 Quod
567 2446 591 2520 st
607 2446 653 2521 de
669 2446 883 2540 recipiendis
897 2447 1006 2520 vobis
1023 2445 1212 2522 catholica
1228 2449 1367 2523 dubita·

296 2559 380 2638 ret,
414 2567 537 2620 nonne
558 2567 629 2620 voe
655 2546 821 2621 debuistis
846 2549 994 2620 unitatis
1019 2547 1159 2638 adsequi
1186 2547 1368 2623 formam?

296 2644 368 2720 Sed
390 2649 555 2741 exemplo
578 2648 615 2718 in
632 2642 834 2740 Evangelio
855 2645 943 2719 ledia
962 2666 1172 2738 proponere
1189 2647 1367 2732 noluistis,

293 2759 339 2816 ut
359 2744 421 2818 'est
451 2744 559 2818 ledlio
593 2746 639 2817 de
664 2745 816 2836 persone
840 2744 1021 2818 beatiffimi
1048 2743 1167 2818 Petri:
1206 2768 1252 2819 ex
1279 2769 1366 2842 qua,

270 2913 274 2930 ,
294 2844 413 2920 formu
429 2846 575 2933 unitatis
594 2843 791 2916 retinendo
809 2844 870 2916 vel
889 2843 1061 2916 faciende
1078 2842 1253 2940 descripta
1276 2849 1367 2920 reci·

294 2957 404 3016 tatur.
437 2941 613 3033 Equidem
627 2945 758 3016 malurn
774 2942 825 3016 est
841 2958 970 3015 contra
986 2943 1211 3019 interdidlum
1230 2947 1364 3038 aliquid

293 3042 435 3116 secere:
460 3040 518 3118 sed
533 3043 635 3137 pejus
652 3040 702 3114 est
714 3044 888 3116 unitatem
904 3065 979 3115 non
1000 3045 1132 3116 habere
1149 3066 1228 3119 curn
1249 3047 1365 3140 posse.

296 3144 415 3237 Quam
433 3146 623 3237 unitatem,
637 3140 747 3235 ipsum
762 3141 1119 3218 Christanvidemus
1138 3145 1364 3238 praeposuilse

293 3240 463 3313 vindistae
478 3242 565 3338 suae,
584 3243 644 3334 qui
659 3244 768 3339 magis
786 3263 915 3317 omnes
934 3242 1125 3334 discipulos
1142 3243 1224 3318 suos
1242 3248 1364 3319 voluit

293 3341 332 3413 in
356 3360 431 3413 uno
453 3339 549 3430 esse,
581 3363 686 3435 quern
710 3344 809 3434 quod
834 3342 991 3416 offensus
1014 3342 1132 3415 fuerat
1153 3345 1364 3422 vindicare:

254 3473 271 3507 ι
293 3441 380 3515 dum
396 3441 515 3512 nollet
532 3442 566 3514 se
580 3443 723 3538 negari,
750 3442 912 3532 promisit
931 3443 973 3528 se,
991 3444 1084 3533 apud
1102 3458 1238 3533 patrem
1258 3466 1366 3538 nega-

296 3552 414 3613 turum
440 3535 537 3630 effe,
570 3544 629 3632 qni
655 3540 690 3614 se
712 3556 862 3637 negaret
885 3541 979 3632 apud
1001 3542 1194 3630 homines,
1227 3541 1365 3634 &cuiq

295 3640 372 3714 haec
387 3642 437 3713 ite
451 3636 582 3730 scriptu
601 3635 700 3723 sunt,
727 3656 847 3725 tamen
871 3641 973 3712 bono
998 3640 1142 3710 unitatis
1161 3641 1200 3712 Β.
1218 3639 1363 3735 Petrus,

295 3741 352 3811 cui
375 3738 456 3814 satie
476 3755 576 3831 eret,
608 3736 740 3832 sipost
762 3738 860 3831 quod
881 3740 1053 3834 negavit,
1087 3737 1195 3810 solam
1217 3735 1364 3822 venient¹

294 3839 592 3930 consequeretur,
608 3839 642 3912 dt
656 3837 810 3930 praeferri
824 3837 1012 3929 Apostolis
1030 3838 1196 3910 omnibus
1212 3843 1359 3934 meruit,

292 3936 329 4010 o
350 3942 471 4012 claves
491 3941 589 4038 regni
610 3939 783 4010 coelorum
800 3936 1119 4012 communicandae
1146 3943 1283 4014 caeteris
1304 3939 1366 4018 sn·¹

291 4037 349 4120 lue
365 4040 519 4137 accepit.
543 4035 682 4134 ,Bono
696 4038 866 4134 uultque,
881 4035 1184 4134 ,reperienduelle
1208 4051 1365 4209 chcatq

372 4151 397 4216 ,ἢ
453 4173 473 4190 ..
785 4155 793 4172 ·
1260 4141 1335 4208 'une
