3200 4784
459 443 462 450 ·
613 411 768 501 Laut
798 360 1023 506 ou‘rnr'ur.
1304 419 1359 514 εςι

276 574 503 669 duplicemus
526 574 626 668 quod
647 595 758 648 unum
785 569 836 648 est
849 597 871 650 τ.
895 572 943 648 fic
965 571 1064 648 enim
1076 543 1252 669 scriptum
1279 571 1345 670 est,

277 674 465 770 Apostoro
482 675 645 750 dicente:
680 677 773 750 Unus
794 678 905 760 Deus,
930 671 1194 771 «euscarpius,
1220 697 1286 746 una
1303 677 1345 762 fi-

275 777 349 862 des,
375 799 441 846 um
462 772 586 845 riniiio.
644 773 815 865 Denique
840 792 933 865 vos,
969 772 1029 865 qui
1056 774 1223 864 baptisma
1247 772 1345 867 quast

275 876 433 948 libenter
447 875 631 968 duplicare
644 874 886 960 contenditis,
901 871 1028 948 fidatis
1044 873 1192 948 alterum
1209 875 1362 968 baptist.

273 995 354 1061 ma,
382 973 460 1047 date
485 977 631 1047 alteram
655 970 781 1047 fidem:
816 971 839 1046 sr
863 973 952 1046 datis
974 974 1119 1045 alteram
1137 968 1341 1048 iidemdate

276 1072 316 1148 dt
333 1075 480 1148 alterum
491 1072 691 1146 Christum:
719 1073 847 1146 irdatis
865 1073 1015 1146 aiterum
1032 1069 1231 1155 Christum,
1257 1076 1341 1150 date

276 1174 426 1250 aiterum
443 1171 574 1246 Deum.
624 1170 747 1244 Unum
767 1171 886 1246 Deum
904 1168 973 1242 effe
990 1191 1120 1266 negare
1139 1189 1215 1243 non
1234 1183 1340 1262 pote·

275 1269 356 1362 stis,
382 1293 431 1345 ne
450 1273 488 1345 iu
508 1272 707 1344 Marcionis
731 1270 858 1343 foveas
884 1270 1058 1344 incidatis.
1116 1267 1216 1366 Ergo
1240 1269 1340 1345 ueur

275 1390 367 1444 unus
393 1369 462 1443 est:
494 1372 540 1444 de
563 1391 639 1444 uno
667 1371 750 1441 Deo
775 1391 871 1442 unus
893 1367 945 1442 est
967 1368 1136 1443 Christus.
1190 1371 1263 1463 Qui
1286 1387 1340 1440 re·

274 1470 509 1562 baptizatur,
541 1472 611 1561 jam
635 1467 852 1542 Christianus
871 1468 1015 1554 fuerat,
1053 1468 1241 1558 quomodo
1267 1465 1339 1540 dici

273 1570 395 1662 potest
419 1572 547 1644 iterum
564 1567 807 1642 Christianus?
842 1565 926 1642 Una
946 1565 1035 1640 fides
1057 1568 1131 1640 hoc
1154 1569 1265 1654 loco,
1293 1566 1351 1644 ab,=

271 1668 524 1744 hereticorum
543 1670 725 1742 erroribus
743 1669 776 1741 dt
794 1670 837 1741 ab
856 1689 982 1741 eorum
1002 1668 1099 1739 varia
1117 1665 1211 1760 fide,
1245 1661 1337 1739 fides

270 1769 379 1839 unica
400 1766 607 1856 separatur..
643 1765 758 1839 Etiam
776 1769 882 1838 vobis
898 1764 1157 1859 praescribitur,
1178 1769 1236 1858 qui
1253 1762 1345 1859 post5

267 1863 403 1954 semel,
437 1867 567 1950 iterum
590 1865 732 1956 facitis,
749 1879 884 1944 ,toturn
913 1871 1086 1957 ponendo
1110 1867 1147 1937 in
1171 1867 1334 1960 dotibus,

266 1963 360 2036 nihii
378 1965 412 2033 in
427 1961 686 2052 Sacramentis3
713 1985 795 2038 curn
810 1966 882 2037 hoc
900 1984 1033 2037 nomen
1055 1961 1138 2038 fidei
1157 1968 1335 2058 pertineat

267 2060 316 2136 ad
332 2062 560 2154 credentem,
587 2084 663 2136 non
681 2065 723 2135 ad
741 2077 971 2157 operantem:
998 2084 1218 2156 quocunque
1237 2067 1336 2142 enim

267 2162 520 2255 interrogante
543 2164 603 2254 qui
628 2164 779 2234 credidit
804 2162 917 2253 Deo,
946 2164 1112 2238 credidit:
1146 2163 1277 2257 &post
1293 2165 1345 2262 ir..

221 2337 224 2356 ¹
266 2261 338 2332 lius
356 2281 465 2334 unum
486 2263 589 2347 credo,
616 2275 657 2332 tu
677 2263 787 2358 erigis
810 2265 958 2336 aiterum
972 2268 1067 2335 credo.
1120 2263 1265 2338 Deinde
1283 2259 1333 2337 se·

221 2365 223 2378 '
268 2360 392 2450 quitur
415 2380 523 2434 unum
539 2360 733 2455 baptisma,
762 2361 894 2453 &quia
916 2364 1014 2453 quod
1031 2384 1141 2437 unum
1159 2363 1229 2454 est,
1255 2361 1333 2434 san·

267 2457 364 2530 etum
385 2458 459 2548 est,
485 2479 548 2552 per
571 2461 669 2551 quod
690 2481 800 2533 unum
822 2460 893 2534 est:
925 2482 1000 2534 non
1021 2461 1132 2534 solum
1158 2462 1201 2532 ab
1221 2461 1341 2534 haere··

265 2559 425 2630 ticorurn
441 2558 601 2649 profanis
615 2560 834 2654 &sacrilegis
853 2560 1120 2651 baptismatibus
1136 2557 1330 2650 separatur,

263 2651 327 2829 {gd
347 2678 394 2729 ne
413 2657 616 2827 dtuplicetrrr
634 2659 733 2750 quod
750 2679 862 2732 unum
884 2657 955 2740 est,
982 2671 1043 2730 aut
1059 2661 1212 2732 iteretur
1231 2657 1331 2750 quod

304 2758 374 2829 mel
391 2764 452 2832 et.
587 2781 590 2786 ·
791 2803 806 2814 --
854 2767 862 2788 '·

340 2878 378 2946 4.
411 2854 451 2928 ln
483 2857 556 2930 hoe
582 2856 814 2932 Sacramento
849 2855 1066 2951 baptismatis
1094 2855 1340 2952 celebrando,

263 2967 341 3028 tres
364 2954 433 3027 effe
456 2955 590 3048 species
615 2957 778 3051 constat,
812 2978 896 3049 quas
916 2959 1061 3053 druos,
1095 2973 1165 3031 nec
1184 2979 1326 3053 augme,

262 3075 336 3127 nec
351 3055 529 3139 minuere,
548 3078 617 3129 nec
632 3059 904 3151 praetermittere
918 3058 1096 3150 poteritis.
1124 3055 1237 3133 Prima
1253 3056 1328 3150 spe·

263 3155 341 3238 cies
359 3152 409 3224 est
431 3156 466 3226 in
484 3153 689 3252 Trinitate,
715 3156 868 3234 secunda
887 3160 923 3232 in
944 3157 1140 3247 credente,
1164 3157 1270 3230 tertia
1289 3159 1329 3232 in

263 3267 453 3344 operante.
501 3255 570 3328 Sed
589 3280 665 3330 non
688 3261 765 3351 pari
784 3261 969 3332 libramine
988 3256 1229 3351 ponderanda
1246 3253 1327 3328 sunt

260 3350 416 3444 ungule.
435 3391 443 3412 .
468 3351 567 3428 Duas
582 3360 673 3431 enirn
689 3358 800 3431 video
817 3357 1047 3446 neceiiarias,
1067 3356 1217 3429 &unam
1232 3353 1327 3446 quast

262 3447 504 3524 neceiiariam.
568 3455 803 3550 Principalem
830 3459 952 3530 locun
975 3454 1133 3528 Trinitas
1160 3451 1326 3548 poffidet,

263 3547 339 3622 ime
357 3569 425 3639 qua
442 3569 499 3622 res
514 3549 585 3642 ipsa
603 3575 679 3628 non
697 3554 817 3648 potest
833 3557 927 3650 geri:
953 3555 1045 3626 hanc
1059 3551 1219 3645 sequitur
1235 3547 1326 3624 fides

265 3647 459 3724 credentis.
520 3652 598 3744 Jam
621 3653 772 3743 persona
794 3655 978 3744 operantis
1001 3653 1121 3724 vicina
1139 3647 1213 3741 est,
1247 3667 1326 3740 quae

261 3745 364 3822 srmili
387 3751 582 3822 autoritate
601 3750 670 3828 effe
693 3772 768 3825 non
790 3750 920 3844 potest.
972 3751 1063 3824 Duae
1083 3753 1324 3841 prioresper·

261 3863 411 3922 manent
423 3847 557 3942 semper
572 3852 851 3923 immutabiles&
866 3854 1040 3924 immotae:
1056 3846 1214 3922 Trinitas
1228 3851 1324 3926 enim

261 3942 400 4037 semper
420 3947 491 4038 ipsa
513 3949 583 4023 est:
609 3947 699 4024 fides
719 3950 756 4032 in
780 3949 921 4043 fingulis
944 3970 1015 4022 una
1036 3947 1115 4024 est:¹
1137 3950 1209 4022 vim
1229 3946 1323 4024 suam

261 4042 399 4141 semper
416 4050 576 4127 retinent
590 4054 712 4136 ambe.
763 4046 919 4225 {erfone
934 4071 1025 4127 vero
1042 4050 1261 4224 ορετᾳηὶἱεῶ
1271 4051 1323 4124 in·

827 4170 846 4244 3
1201 4171 1221 4226 θ
1260 4188 1274 4206 ·
