3200 4784
453 329 581 424 fieret,
606 345 649 404 ut
668 351 712 404 en
732 331 902 419 crimina,
929 349 1007 419 quae
1029 328 1147 400 solent
1170 329 1308 405 dicere
1338 334 1380 407 in
1403 355 1422 407 u

400 427 404 436 '
454 433 527 509 sern
545 428 759 510 Ecclesnm
785 443 848 501 aut
865 430 1083 521 probarent,
1105 440 1146 499 ut
1165 432 1318 504 veritas
1342 454 1422 526 appr

456 547 519 608 cut
534 551 612 605 non
628 535 847 624 probarent,
869 541 910 600 ut
929 527 1160 600 nibilominus
1174 530 1329 604 veritas
1348 554 1419 631 app

455 633 547 712 Haec
565 628 755 704 criminas
773 629 906 702 volunt
924 637 985 700 aut
1001 624 1147 723 possunt
1165 626 1405 724 ostendere,

456 745 582 807 rantur
598 730 632 804 δι
649 726 952 804 demonstrentur.
1009 725 1045 797 Si
1063 741 1294 803 autemnon
1318 731 1422 825 posin

456 834 611 924 nolunt,
634 829 706 922 jorn
722 841 792 900 tuae
812 826 1032 901 sublimitatis
1048 823 1099 898 est
1116 825 1161 899 de
1181 844 1224 898 re
1244 842 1367 925 tota,
1396 835 1419 909 sr

453 932 513 1004 tio
530 930 602 1024 ipsa
613 930 770 1009 indicat,
785 925 957 1019 judicare.
987 927 1034 997 Er
1047 926 1115 997 alia
1131 948 1243 1000 manu.
1273 929 1419 1028 Recog

537 1049 617 1102 111.
645 1030 857 1100 Murredium
869 1030 925 1096 vir
937 1020 1129 1116 clarrffimus
1142 1017 1422 1110 Tribunum

458 1130 564 1203 dixit:
598 1126 798 1218 Accepistis
822 1125 1112 1217 prosecutionem
1136 1127 1253 1217 partis
1279 1131 1422 1209 advers

458 1228 545 1323 quid
561 1226 740 1319 objicitis,
761 1226 974 1318 jamjamque
992 1225 1201 1317 proponite.

538 1347 618 1402 112.
651 1326 834 1398 Pontianus
855 1325 1022 1421 Episcopus
1043 1327 1152 1396 dixit.-
1184 1321 1422 1406 Pronuntiet

459 1426 631 1503 nobilitas
652 1439 742 1517 tun,
771 1438 891 1498 utrurn
912 1425 1009 1498 recte
1030 1438 1219 1517 petamus,
1258 1446 1360 1518 quae,
1380 1453 1422 1525 pe

459 1548 598 1615 necne3
618 1540 695 1602 turn
709 1525 851 1600 demum
870 1524 920 1598 eis
937 1524 980 1597 ad
995 1523 1127 1619 singula
1140 1520 1419 1616 respondebim

460 1628 528 1702 alia
551 1650 659 1701 manu.
700 1623 895 1697 Petilianus
916 1620 1113 1717 Episcopus
1135 1624 1208 1697 fine
1231 1631 1422 1722 praeJ’udic

395 1801 398 1806 .
460 1726 666 1822 pollutionis
686 1723 1044 1819 nostraerecognovi.

460 1816 1422 2018 nr?tristitiissubsistitis?

461 2023 638 2114 ostendit,
665 2022 698 2095 δι
715 2020 812 2095 τεᾶε
827 2021 1043 2114 respondisse
1059 2036 1195 2115 partem
1213 2022 1416 2103 ediverso

459 2134 557 2217 tem,
579 2121 788 2195 eorumdem
805 2124 960 2195 fimiliter
975 2120 1292 2215 prosecutionibus
1313 2127 1422 2204 decla

460 2221 523 2296 est.
581 2217 773 2294 Adserturn
796 2222 847 2293 est
867 2224 982 2314 enim,
1016 2221 1115 2311 quod
1141 2221 1385 2318 criminibus,

460 2322 612 2414 quibus,
638 2316 856 2447 Beneuen,
884 2341 987 2411 quarn
1003 2332 1151 2445 tenent,
1178 2323 1334 2443 atsobis
1354 2328 1422 2401 ho«
