<?xml version="1.0" encoding="UTF-8"?>
<!DOCTYPE html PUBLIC "-//W3C//DTD XHTML 1.0 Transitional//EN"
    "http://www.w3.org/TR/xhtml1/DTD/xhtml1-transitional.dtd">
<html xmlns="http://www.w3.org/1999/xhtml" xml:lang="en" lang="en">
 <head>
  <title>
</title>
<meta http-equiv="Content-Type" content="text/html;charset=utf-8" />
  <meta name='ocr-system' content='tesseract 3.04.00' />
  <meta name='ocr-capabilities' content='ocr_page ocr_carea ocr_par ocr_line ocrx_word'/>
</head>
<body>
  <div class='ocr_page' id='page_1' title='image "./operaomniasanct06librgoog_0041.png"; bbox 0 0 3200 4784; ppageno 0'>
   <div class='ocr_carea' id='block_1_1' title="bbox 1168 446 1342 515">
    <p class='ocr_par' dir='ltr' id='par_1_1' title="bbox 1168 446 1342 515">
     <span class='ocr_line' id='line_1_1' title="bbox 1168 446 1342 515; baseline 0.034 -7"><span class='ocrx_word' id='word_1_1' title='bbox 1168 446 1323 515; x_wconf 78' lang='lat' dir='ltr'>xxxvl!</span> <span class='ocrx_word' id='word_1_2' title='bbox 1338 461 1342 480; x_wconf 92' lang='lat'>&#39;</span> 
     </span>
    </p>
   </div>
   <div class='ocr_carea' id='block_1_2' title="bbox 193 595 1320 1216">
    <p class='ocr_par' dir='ltr' id='par_1_2' title="bbox 193 595 1320 939">
     <span class='ocr_line' id='line_1_2' title="bbox 247 595 1320 714; baseline -0.001 -28"><span class='ocrx_word' id='word_1_3' title='bbox 247 598 493 714; x_wconf 74' lang='lat' dir='ltr'>terrogaffe:</span> <span class='ocrx_word' id='word_1_4' title='bbox 521 600 695 688; x_wconf 77' lang='lat' dir='ltr'>adverto</span> <span class='ocrx_word' id='word_1_5' title='bbox 719 601 831 684; x_wconf 87' lang='lat' dir='ltr'>enim</span> <span class='ocrx_word' id='word_1_6' title='bbox 853 596 941 688; x_wconf 83' lang='lat' dir='ltr'>haec</span> <span class='ocrx_word' id='word_1_7' title='bbox 955 595 1157 699; x_wconf 83' lang='lat' dir='ltr'>scribens,</span> <span class='ocrx_word' id='word_1_8' title='bbox 1187 597 1320 693; x_wconf 77' lang='lat' dir='ltr'>deelle</span> 
     </span>
     <span class='ocr_line' id='line_1_3' title="bbox 193 712 1317 840; baseline -0.002 -38"><span class='ocrx_word' id='word_1_9' title='bbox 193 741 211 840; x_wconf 33' lang='grc' dir='ltr'>ξ,</span> <span class='ocrx_word' id='word_1_10' title='bbox 243 714 424 828; x_wconf 79' lang='lat' dir='ltr'>aliquid,</span> <span class='ocrx_word' id='word_1_11' title='bbox 454 742 543 828; x_wconf 92' lang='lat' dir='ltr'>quo</span> <span class='ocrx_word' id='word_1_12' title='bbox 565 720 703 800; x_wconf 85' lang='lat' dir='ltr'>minus</span> <span class='ocrx_word' id='word_1_13' title='bbox 727 712 851 826; x_wconf 88' lang='lat' dir='ltr'>plena</span> <span class='ocrx_word' id='word_1_14' title='bbox 875 713 920 798; x_wconf 84' lang='lat' dir='ltr'>fit</span> <span class='ocrx_word' id='word_1_15' title='bbox 941 740 1033 797; x_wconf 89' lang='lat' dir='ltr'>mea</span> <span class='ocrx_word' id='word_1_16' title='bbox 1050 714 1099 801; x_wconf 93' lang='lat' dir='ltr'>de</span> <span class='ocrx_word' id='word_1_17' title='bbox 1115 712 1193 799; x_wconf 88' lang='lat' dir='ltr'>hac</span> <span class='ocrx_word' id='word_1_18' title='bbox 1211 741 1317 802; x_wconf 82' lang='lat' dir='ltr'>ceco·</span> 
     </span>
     <span class='ocr_line' id='line_1_4' title="bbox 193 828 954 939; baseline -0.003 -25"><span class='ocrx_word' id='word_1_19' title='bbox 193 859 205 936; x_wconf 69' lang='grc' dir='ltr'>ςΙ</span> <span class='ocrx_word' id='word_1_20' title='bbox 235 833 397 914; x_wconf 73' lang='lat' dir='ltr'>&#39;nomiae</span> <span class='ocrx_word' id='word_1_21' title='bbox 417 828 563 914; x_wconf 85' lang='lat' dir='ltr'>ruralis</span> <span class='ocrx_word' id='word_1_22' title='bbox 584 833 741 915; x_wconf 88' lang='lat' dir='ltr'>ratione</span> <span class='ocrx_word' id='word_1_23' title='bbox 758 830 954 939; x_wconf 85' lang='lat' dir='ltr'><strong>cognitio.</strong></span> 
     </span>
    </p>

    <p class='ocr_par' dir='ltr' id='par_1_3' title="bbox 195 940 1313 1216">
     <span class='ocr_line' id='line_1_5' title="bbox 195 940 1313 1216; baseline 0.001 -187"><span class='ocrx_word' id='word_1_24' title='bbox 195 947 210 1216; x_wconf 53' lang='lat' dir='ltr'>*p</span> <span class='ocrx_word' id='word_1_25' title='bbox 329 943 494 1029; x_wconf 85' lang='lat' dir='ltr'>Eodem</span> <span class='ocrx_word' id='word_1_26' title='bbox 517 941 675 1046; x_wconf 87' lang='lat' dir='ltr'>adhuc,</span> <span class='ocrx_word' id='word_1_27' title='bbox 706 970 794 1057; x_wconf 90' lang='lat' dir='ltr'>quo</span> <span class='ocrx_word' id='word_1_28' title='bbox 816 947 861 1028; x_wconf 88' lang='lat' dir='ltr'>in</span> <span class='ocrx_word' id='word_1_29' title='bbox 880 941 1033 1028; x_wconf 91' lang='lat' dir='ltr'>urbem</span> <span class='ocrx_word' id='word_1_30' title='bbox 1050 940 1313 1050; x_wconf 81' lang='lat' dir='ltr'>adveneram,</span> 
     </span>
    </p>
   </div>
   <div class='ocr_carea' id='block_1_3' title="bbox 193 1054 1314 4248">
    <p class='ocr_par' dir='ltr' id='par_1_4' title="bbox 238 1054 1313 1170">
     <span class='ocr_line' id='line_1_6' title="bbox 241 1054 1313 1170; baseline 0.004 -28.989"><span class='ocrx_word' id='word_1_31' title='bbox 241 1054 432 1167; x_wconf 86' lang='lat' dir='ltr'>vespere,</span> <span class='ocrx_word' id='word_1_32' title='bbox 464 1081 513 1144; x_wconf 93' lang='lat' dir='ltr'>ut</span> <span class='ocrx_word' id='word_1_33' title='bbox 527 1061 713 1170; x_wconf 90' lang='lat' dir='ltr'>primum</span> <span class='ocrx_word' id='word_1_34' title='bbox 731 1056 881 1142; x_wconf 76' lang='lat' dir='ltr'>recula</span> <span class='ocrx_word' id='word_1_35' title='bbox 899 1083 999 1140; x_wconf 89' lang='lat' dir='ltr'>meae</span> <span class='ocrx_word' id='word_1_36' title='bbox 1014 1061 1056 1142; x_wconf 92' lang='lat' dir='ltr'>in</span> <span class='ocrx_word' id='word_1_37' title='bbox 1074 1055 1313 1165; x_wconf 88' lang='lat' dir='ltr'>diversorio,</span> 
     </span>
    </p>

    <p class='ocr_par' dir='ltr' id='par_1_5' title="bbox 204 1167 1314 2310">
     <span class='ocr_line' id='line_1_7' title="bbox 204 1167 1313 1285; baseline 0.004 -29"><span class='ocrx_word' id='word_1_38' title='bbox 204 1168 494 1285; x_wconf 85' lang='lat' dir='ltr'>·Judaeorum</span> <span class='ocrx_word' id='word_1_39' title='bbox 531 1173 786 1284; x_wconf 86' lang='lat' dir='ltr'>potiffimum</span> <span class='ocrx_word' id='word_1_40' title='bbox 822 1195 950 1281; x_wconf 88' lang='lat' dir='ltr'>opera</span> <span class='ocrx_word' id='word_1_41' title='bbox 980 1231 1030 1250; x_wconf 90' lang='grc'><strong>-</strong></span> <span class='ocrx_word' id='word_1_42' title='bbox 1068 1167 1313 1285; x_wconf 86' lang='lat' dir='ltr'>frequentes</span> 
     </span>
     <span class='ocr_line' id='line_1_8' title="bbox 239 1284 1314 1401; baseline 0.003 -31"><span class='ocrx_word' id='word_1_43' title='bbox 239 1289 359 1372; x_wconf 86' lang='lat' dir='ltr'>enim</span> <span class='ocrx_word' id='word_1_44' title='bbox 389 1284 492 1372; x_wconf 90' lang='lat' dir='ltr'>illud</span> <span class='ocrx_word' id='word_1_45' title='bbox 521 1287 809 1385; x_wconf 87' lang='lat' dir='ltr'>circumstant,</span> <span class='ocrx_word' id='word_1_46' title='bbox 846 1307 971 1401; x_wconf 84' lang='lat' dir='ltr'>atque</span> <span class='ocrx_word' id='word_1_47' title='bbox 994 1286 1314 1373; x_wconf 81' lang='lat' dir='ltr'>adventantibus</span> 
     </span>
     <span class='ocr_line' id='line_1_9' title="bbox 238 1396 1313 1513; baseline 0 -29"><span class='ocrx_word' id='word_1_48' title='bbox 238 1397 471 1502; x_wconf 86' lang='lat' dir='ltr'>adomnia,</span> <span class='ocrx_word' id='word_1_49' title='bbox 489 1427 583 1513; x_wconf 83' lang='lat' dir='ltr'>quae</span> <span class='ocrx_word' id='word_1_50' title='bbox 600 1399 830 1501; x_wconf 88' lang='lat' dir='ltr'>voluerint,</span> <span class='ocrx_word' id='word_1_51' title='bbox 860 1397 929 1485; x_wconf 84' lang='lat' dir='ltr'>sua</span> <span class='ocrx_word' id='word_1_52' title='bbox 942 1397 1095 1485; x_wconf 89' lang='lat' dir='ltr'>servitia</span> <span class='ocrx_word' id='word_1_53' title='bbox 1114 1396 1313 1505; x_wconf 84' lang='lat' dir='ltr'>offerunt,</span> 
     </span>
     <span class='ocr_line' id='line_1_10' title="bbox 237 1511 1312 1624; baseline -0.001 -24"><span class='ocrx_word' id='word_1_54' title='bbox 237 1513 307 1600; x_wconf 87' lang='lat' dir='ltr'>vel</span> <span class='ocrx_word' id='word_1_55' title='bbox 322 1512 562 1620; x_wconf 84' lang='lat' dir='ltr'>obtrudunt</span> <span class='ocrx_word' id='word_1_56' title='bbox 573 1575 625 1591; x_wconf 89' lang='lat'><em>-</em></span> <span class='ocrx_word' id='word_1_57' title='bbox 643 1539 758 1600; x_wconf 89' lang='lat' dir='ltr'>erant</span> <span class='ocrx_word' id='word_1_58' title='bbox 772 1511 1312 1624; x_wconf 84' lang='lat' dir='ltr'>compofitae,Basedovium,</span> 
     </span>
     <span class='ocr_line' id='line_1_11' title="bbox 235 1627 1311 1741; baseline 0.003 -29"><span class='ocrx_word' id='word_1_59' title='bbox 235 1631 429 1741; x_wconf 87' lang='lat' dir='ltr'>primum</span> <span class='ocrx_word' id='word_1_60' title='bbox 442 1628 562 1714; x_wconf 89' lang='lat' dir='ltr'>illum</span> <span class='ocrx_word' id='word_1_61' title='bbox 584 1629 717 1713; x_wconf 84' lang='lat' dir='ltr'>nostra</span> <span class='ocrx_word' id='word_1_62' title='bbox 733 1651 849 1713; x_wconf 83' lang='lat' dir='ltr'>aetate</span> <span class='ocrx_word' id='word_1_63' title='bbox 866 1627 1106 1714; x_wconf 87' lang='lat' dir='ltr'>inducendae</span> <span class='ocrx_word' id='word_1_64' title='bbox 1123 1629 1311 1715; x_wconf 85' lang='lat' dir='ltr'>melioris</span> 
     </span>
     <span class='ocr_line' id='line_1_12' title="bbox 237 1741 1310 1858; baseline 0.001 -30"><span class='ocrx_word' id='word_1_65' title='bbox 237 1741 491 1858; x_wconf 74' lang='lat' dir='ltr'>paedagogia</span> <span class='ocrx_word' id='word_1_66' title='bbox 520 1742 754 1853; x_wconf 88' lang='lat' dir='ltr'>apostolum</span> <span class='ocrx_word' id='word_1_67' title='bbox 786 1744 830 1829; x_wconf 76' lang='lat' dir='ltr'>dr</span> <span class='ocrx_word' id='word_1_68' title='bbox 859 1743 1126 1853; x_wconf 84' lang='lat' dir='ltr'>exemplum,</span> <span class='ocrx_word' id='word_1_69' title='bbox 1172 1741 1310 1829; x_wconf 89' lang='lat' dir='ltr'>saluta·</span> 
     </span>
     <span class='ocr_line' id='line_1_13' title="bbox 238 1856 1310 1971; baseline 0 -27"><span class='ocrx_word' id='word_1_70' title='bbox 238 1880 336 1944; x_wconf 91' lang='lat' dir='ltr'>tum</span> <span class='ocrx_word' id='word_1_71' title='bbox 361 1862 430 1946; x_wconf 89' lang='lat' dir='ltr'>ivi.</span> <span class='ocrx_word' id='word_1_72' title='bbox 494 1856 664 1968; x_wconf 88' lang='lat' dir='ltr'>Superi,</span> <span class='ocrx_word' id='word_1_73' title='bbox 693 1880 875 1971; x_wconf 85' lang='lat' dir='ltr'>quantus</span> <span class='ocrx_word' id='word_1_74' title='bbox 904 1856 1037 1942; x_wconf 86' lang='lat' dir='ltr'>adhuc</span> <span class='ocrx_word' id='word_1_75' title='bbox 1066 1858 1111 1942; x_wconf 90' lang='lat' dir='ltr'>in</span> <span class='ocrx_word' id='word_1_76' title='bbox 1138 1856 1310 1944; x_wconf 83' lang='lat' dir='ltr'>homine</span> 
     </span>
     <span class='ocr_line' id='line_1_14' title="bbox 239 1967 1308 2085; baseline 0.003 -29"><span class='ocrx_word' id='word_1_77' title='bbox 239 1967 358 2073; x_wconf 85' lang='lat' dir='ltr'>sene,</span> <span class='ocrx_word' id='word_1_78' title='bbox 395 1974 605 2085; x_wconf 88' lang='lat' dir='ltr'>tantisque</span> <span class='ocrx_word' id='word_1_79' title='bbox 632 1976 742 2056; x_wconf 87' lang='lat' dir='ltr'>curis</span> <span class='ocrx_word' id='word_1_80' title='bbox 776 1971 820 2055; x_wconf 76' lang='lat' dir='ltr'>dt</span> <span class='ocrx_word' id='word_1_81' title='bbox 849 1969 1059 2056; x_wconf 81' lang='lat' dir='ltr'>laboribus</span> <span class='ocrx_word' id='word_1_82' title='bbox 1086 1969 1308 2082; x_wconf 64' lang='lat' dir='ltr'>perfundo</span> 
     </span>
     <span class='ocr_line' id='line_1_15' title="bbox 238 2085 1309 2200; baseline 0.001 -28"><span class='ocrx_word' id='word_1_83' title='bbox 238 2089 363 2200; x_wconf 86' lang='lat' dir='ltr'>vigor</span> <span class='ocrx_word' id='word_1_84' title='bbox 390 2088 516 2173; x_wconf 86' lang='lat' dir='ltr'>animi</span> <span class='ocrx_word' id='word_1_85' title='bbox 548 2086 850 2199; x_wconf 80' lang='lat' dir='ltr'>corporisque?</span> <span class='ocrx_word' id='word_1_86' title='bbox 880 2085 1175 2173; x_wconf 75' lang='lat' dir='ltr'>sermocinatio</span> <span class='ocrx_word' id='word_1_87' title='bbox 1201 2086 1309 2173; x_wconf 86' lang='lat' dir='ltr'>ultra</span> 
     </span>
     <span class='ocr_line' id='line_1_16' title="bbox 237 2198 631 2310; baseline 0 -24"><span class='ocrx_word' id='word_1_88' title='bbox 237 2198 389 2286; x_wconf 87' lang='lat' dir='ltr'>horam</span> <span class='ocrx_word' id='word_1_89' title='bbox 413 2200 631 2310; x_wconf 68' lang='lat' dir='ltr'>protrasta.</span> 
     </span>
    </p>

    <p class='ocr_par' dir='ltr' id='par_1_6' title="bbox 238 2310 1309 2884">
     <span class='ocr_line' id='line_1_17' title="bbox 323 2310 1309 2429; baseline -0.001 -28"><span class='ocrx_word' id='word_1_90' title='bbox 323 2312 496 2424; x_wconf 86' lang='lat' dir='ltr'>Volupe</span> <span class='ocrx_word' id='word_1_91' title='bbox 512 2310 613 2423; x_wconf 81' lang='lat' dir='ltr'>fuit,</span> <span class='ocrx_word' id='word_1_92' title='bbox 646 2312 846 2408; x_wconf 79' lang='lat' dir='ltr'>hominis,</span> <span class='ocrx_word' id='word_1_93' title='bbox 877 2339 965 2429; x_wconf 87' lang='lat' dir='ltr'>quo</span> <span class='ocrx_word' id='word_1_94' title='bbox 983 2314 1078 2399; x_wconf 89' lang='lat' dir='ltr'>alias</span> <span class='ocrx_word' id='word_1_95' title='bbox 1096 2318 1309 2401; x_wconf 87' lang='lat' dir='ltr'>neminem</span> 
     </span>
     <span class='ocr_line' id='line_1_18' title="bbox 240 2427 1307 2544; baseline -0.002 -30"><span class='ocrx_word' id='word_1_96' title='bbox 240 2427 290 2514; x_wconf 83' lang='lat' dir='ltr'>td</span> <span class='ocrx_word' id='word_1_97' title='bbox 304 2427 491 2530; x_wconf 73' lang='lat' dir='ltr'>laboreS,</span> <span class='ocrx_word' id='word_1_98' title='bbox 513 2428 704 2514; x_wconf 81' lang='lat' dir='ltr'>advitam</span> <span class='ocrx_word' id='word_1_99' title='bbox 723 2432 899 2544; x_wconf 81' lang='lat' dir='ltr'>negotiis</span> <span class='ocrx_word' id='word_1_100' title='bbox 916 2430 1080 2541; x_wconf 88' lang='lat' dir='ltr'>plenam</span> <span class='ocrx_word' id='word_1_101' title='bbox 1101 2429 1307 2544; x_wconf 86' lang='lat' dir='ltr'>agendam</span> 
     </span>
     <span class='ocr_line' id='line_1_19' title="bbox 239 2537 1307 2658; baseline -0.002 -30"><span class='ocrx_word' id='word_1_102' title='bbox 239 2539 373 2658; x_wconf 84' lang='lat' dir='ltr'>magis</span> <span class='ocrx_word' id='word_1_103' title='bbox 394 2565 537 2628; x_wconf 86' lang='lat' dir='ltr'>natum</span> <span class='ocrx_word' id='word_1_104' title='bbox 558 2537 823 2656; x_wconf 65' lang='lat' dir='ltr'>foliumque,</span> <span class='ocrx_word' id='word_1_105' title='bbox 861 2571 991 2657; x_wconf 90' lang='lat' dir='ltr'>quem</span> <span class='ocrx_word' id='word_1_106' title='bbox 1014 2570 1231 2655; x_wconf 85' lang='lat' dir='ltr'>nunquam</span> <span class='ocrx_word' id='word_1_107' title='bbox 1250 2537 1307 2626; x_wconf 89' lang='lat' dir='ltr'>fa·</span> 
     </span>
     <span class='ocr_line' id='line_1_20' title="bbox 238 2653 1305 2772; baseline 0 -30"><span class='ocrx_word' id='word_1_108' title='bbox 238 2655 487 2772; x_wconf 78' lang='lat' dir='ltr'>tigandum,</span> <span class='ocrx_word' id='word_1_109' title='bbox 525 2661 747 2770; x_wconf 90' lang='lat' dir='ltr'>omnisque</span> <span class='ocrx_word' id='word_1_110' title='bbox 779 2661 851 2741; x_wconf 93' lang='lat' dir='ltr'>otii</span> <span class='ocrx_word' id='word_1_111' title='bbox 881 2659 1164 2764; x_wconf 88' lang='lat' dir='ltr'>impatientem</span> <span class='ocrx_word' id='word_1_112' title='bbox 1192 2653 1305 2742; x_wconf 84' lang='lat' dir='ltr'>dixis·</span> 
     </span>
     <span class='ocr_line' id='line_1_21' title="bbox 238 2767 1304 2884; baseline -0.002 -26"><span class='ocrx_word' id='word_1_113' title='bbox 238 2769 345 2874; x_wconf 87' lang='lat' dir='ltr'>sem,</span> <span class='ocrx_word' id='word_1_114' title='bbox 377 2794 473 2854; x_wconf 84' lang='lat' dir='ltr'>vota</span> <span class='ocrx_word' id='word_1_115' title='bbox 497 2770 662 2870; x_wconf 88' lang='lat' dir='ltr'>audire,</span> <span class='ocrx_word' id='word_1_116' title='bbox 702 2768 970 2884; x_wconf 86' lang='lat' dir='ltr'>tranquillum</span> <span class='ocrx_word' id='word_1_117' title='bbox 996 2767 1181 2871; x_wconf 89' lang='lat' dir='ltr'>tandem,</span> <span class='ocrx_word' id='word_1_118' title='bbox 1216 2796 1304 2883; x_wconf 83' lang='lat' dir='ltr'>gra-</span> 
     </span>
    </p>

    <p class='ocr_par' dir='ltr' id='par_1_7' title="bbox 205 2882 1304 2998">
     <span class='ocr_line' id='line_1_22' title="bbox 205 2882 1304 2998; baseline 0.001 -27"><span class='ocrx_word' id='word_1_119' title='bbox 205 2973 208 2980; x_wconf 71' lang='lat'>,</span> <span class='ocrx_word' id='word_1_120' title='bbox 237 2909 419 2998; x_wconf 90' lang='lat' dir='ltr'>tumque</span> <span class='ocrx_word' id='word_1_121' title='bbox 443 2887 487 2967; x_wconf 91' lang='lat' dir='ltr'>in</span> <span class='ocrx_word' id='word_1_122' title='bbox 511 2882 665 2993; x_wconf 87' lang='lat' dir='ltr'>placida</span> <span class='ocrx_word' id='word_1_123' title='bbox 692 2882 906 2970; x_wconf 91' lang='lat' dir='ltr'>solitudine</span> <span class='ocrx_word' id='word_1_124' title='bbox 930 2886 1062 2970; x_wconf 92' lang='lat' dir='ltr'>otium</span> <span class='ocrx_word' id='word_1_125' title='bbox 1086 2883 1304 2997; x_wconf 84' lang='lat' dir='ltr'>poscentis.</span> 
     </span>
    </p>

    <p class='ocr_par' dir='ltr' id='par_1_8' title="bbox 203 2994 1303 3221">
     <span class='ocr_line' id='line_1_23' title="bbox 203 2994 1303 3112; baseline -0.004 -25"><span class='ocrx_word' id='word_1_126' title='bbox 203 3059 207 3064; x_wconf 94' lang='lat'>-</span> <span class='ocrx_word' id='word_1_127' title='bbox 236 2998 431 3099; x_wconf 79' lang='lat' dir='ltr'>Placeret,</span> <span class='ocrx_word' id='word_1_128' title='bbox 474 3001 546 3100; x_wconf 85' lang='lat' dir='ltr'>ait,</span> <span class='ocrx_word' id='word_1_129' title='bbox 582 2998 698 3084; x_wconf 78' lang='lat' dir='ltr'>etiam</span> <span class='ocrx_word' id='word_1_130' title='bbox 723 3001 829 3084; x_wconf 84' lang='lat' dir='ltr'>inter</span> <span class='ocrx_word' id='word_1_131' title='bbox 851 2995 1054 3085; x_wconf 84' lang='lat' dir='ltr'>raenobiros</span> <span class='ocrx_word' id='word_1_132' title='bbox 1075 3001 1233 3101; x_wconf 84' lang='lat' dir='ltr'>vivere,</span> <span class='ocrx_word' id='word_1_133' title='bbox 1265 2994 1303 3112; x_wconf 80' lang='lat' dir='ltr'><em>fi</em></span> 
     </span>
     <span class='ocr_line' id='line_1_24' title="bbox 234 3109 1301 3221; baseline -0.006 -19"><span class='ocrx_word' id='word_1_134' title='bbox 234 3110 377 3202; x_wconf 77' lang='lat' dir='ltr'>nabere</span> <span class='ocrx_word' id='word_1_135' title='bbox 398 3114 639 3221; x_wconf 81' lang='lat' dir='ltr'>contingeret</span> <span class='ocrx_word' id='word_1_136' title='bbox 656 3110 845 3198; x_wconf 81' lang='lat' dir='ltr'>Ablatem</span> <span class='ocrx_word' id='word_1_137' title='bbox 858 3111 1069 3215; x_wconf 82' lang='lat' dir='ltr'>liberalem,</span> <span class='ocrx_word' id='word_1_138' title='bbox 1099 3109 1301 3221; x_wconf 80' lang='lat' dir='ltr'>indulgen·</span> 
     </span>
    </p>

    <p class='ocr_par' dir='ltr' id='par_1_9' title="bbox 193 3220 1303 3539">
     <span class='ocr_line' id='line_1_25' title="bbox 193 3220 1303 3338; baseline -0.006 -24"><span class='ocrx_word' id='word_1_139' title='bbox 193 3247 202 3264; x_wconf 60' lang='lat'>*</span> <span class='ocrx_word' id='word_1_140' title='bbox 234 3247 319 3314; x_wconf 82' lang='lat' dir='ltr'>tem</span> <span class='ocrx_word' id='word_1_141' title='bbox 341 3243 423 3308; x_wconf 81' lang='lat' dir='ltr'>tam</span> <span class='ocrx_word' id='word_1_142' title='bbox 445 3224 584 3325; x_wconf 81' lang='lat' dir='ltr'>indoli,</span> <span class='ocrx_word' id='word_1_143' title='bbox 613 3252 726 3338; x_wconf 80' lang='lat' dir='ltr'>quom</span> <span class='ocrx_word' id='word_1_144' title='bbox 748 3224 985 3335; x_wconf 83' lang='lat' dir='ltr'>opinionibus</span> <span class='ocrx_word' id='word_1_145' title='bbox 1004 3228 1118 3311; x_wconf 82' lang='lat' dir='ltr'>meir:</span> <span class='ocrx_word' id='word_1_146' title='bbox 1149 3220 1303 3337; x_wconf 76' lang='lat' dir='ltr'>fratres</span> 
     </span>
     <span class='ocr_line' id='line_1_26' title="bbox 233 3333 1303 3452; baseline -0.006 -26"><span class='ocrx_word' id='word_1_147' title='bbox 233 3365 335 3428; x_wconf 85' lang='lat' dir='ltr'>vero</span> <span class='ocrx_word' id='word_1_148' title='bbox 358 3365 437 3423; x_wconf 83' lang='lat' dir='ltr'>uon</span> <span class='ocrx_word' id='word_1_149' title='bbox 462 3335 650 3449; x_wconf 82' lang='lat' dir='ltr'>difficiles,</span> <span class='ocrx_word' id='word_1_150' title='bbox 679 3367 760 3425; x_wconf 79' lang='lat' dir='ltr'>uon</span> <span class='ocrx_word' id='word_1_151' title='bbox 775 3333 965 3452; x_wconf 75' lang='lat' dir='ltr'>urorofht,</span> <span class='ocrx_word' id='word_1_152' title='bbox 994 3365 1017 3423; x_wconf 81' lang='lat' dir='ltr'>a</span> <span class='ocrx_word' id='word_1_153' title='bbox 1043 3337 1150 3423; x_wconf 81' lang='lat' dir='ltr'>horris</span> <span class='ocrx_word' id='word_1_154' title='bbox 1162 3335 1303 3450; x_wconf 78' lang='lat' dir='ltr'>studiis</span> 
     </span>
     <span class='ocr_line' id='line_1_27' title="bbox 234 3449 486 3539; baseline -0.008 0"><span class='ocrx_word' id='word_1_155' title='bbox 234 3449 486 3539; x_wconf 73' lang='lat' dir='ltr'>nonalienos.</span> 
     </span>
    </p>

    <p class='ocr_par' dir='ltr' id='par_1_10' title="bbox 236 3559 1304 4150">
     <span class='ocr_line' id='line_1_28' title="bbox 325 3559 1303 3677; baseline -0.004 -29"><span class='ocrx_word' id='word_1_156' title='bbox 325 3564 386 3650; x_wconf 86' lang='lat' dir='ltr'>lta</span> <span class='ocrx_word' id='word_1_157' title='bbox 414 3560 503 3652; x_wconf 86' lang='lat' dir='ltr'>fere</span> <span class='ocrx_word' id='word_1_158' title='bbox 535 3591 759 3652; x_wconf 90' lang='lat' dir='ltr'>commune</span> <span class='ocrx_word' id='word_1_159' title='bbox 791 3564 874 3665; x_wconf 92' lang='lat' dir='ltr'>est,</span> <span class='ocrx_word' id='word_1_160' title='bbox 920 3588 1044 3677; x_wconf 87' lang='lat' dir='ltr'>atque</span> <span class='ocrx_word' id='word_1_161' title='bbox 1073 3563 1186 3650; x_wconf 86' lang='lat' dir='ltr'>velut</span> <span class='ocrx_word' id='word_1_162' title='bbox 1213 3559 1303 3645; x_wconf 85' lang='lat' dir='ltr'>infi-</span> 
     </span>
     <span class='ocr_line' id='line_1_29' title="bbox 236 3699 1304 3784; baseline -0.008 -18"><span class='ocrx_word' id='word_1_163' title='bbox 236 3701 385 3784; x_wconf 82' lang='lat' dir='ltr'>tuma</span> <span class='ocrx_word' id='word_1_164' title='bbox 412 3703 559 3764; x_wconf 89' lang='lat' dir='ltr'>natura</span> <span class='ocrx_word' id='word_1_165' title='bbox 591 3704 690 3762; x_wconf 87' lang='lat' dir='ltr'>vms</span> <span class='ocrx_word' id='word_1_166' title='bbox 718 3707 785 3762; x_wconf 87' lang='lat' dir='ltr'>ma</span> <span class='ocrx_word' id='word_1_167' title='bbox 818 3705 987 3763; x_wconf 76' lang='lat' dir='ltr'>nammis</span> <span class='ocrx_word' id='word_1_168' title='bbox 1017 3702 1194 3770; x_wconf 82' lang='lat' dir='ltr'>votum,</span> <span class='ocrx_word' id='word_1_169' title='bbox 1233 3699 1304 3781; x_wconf 89' lang='lat' dir='ltr'>ut,</span> 
     </span>
     <span class='ocr_line' id='line_1_30' title="bbox 238 3709 1304 3907; baseline -0.008 -26"><span class='ocrx_word' id='word_1_170' title='bbox 238 3819 343 3882; x_wconf 87' lang='lat' dir='ltr'>cum</span> <span class='ocrx_word' id='word_1_171' title='bbox 360 3794 613 3907; x_wconf 85' lang='lat' dir='ltr'>magistratus</span> <span class='ocrx_word' id='word_1_172' title='bbox 631 3709 894 3902; x_wconf 66' lang='lat' dir='ltr'>amplillrgmos</span> <span class='ocrx_word' id='word_1_173' title='bbox 909 3787 1120 3905; x_wconf 74' lang='lat' dir='ltr'>gesserint,</span> <span class='ocrx_word' id='word_1_174' title='bbox 1150 3792 1304 3875; x_wconf 83' lang='lat' dir='ltr'>exerci-</span> 
     </span>
     <span class='ocr_line' id='line_1_31' title="bbox 240 3904 1304 4019; baseline -0.008 -23"><span class='ocrx_word' id='word_1_175' title='bbox 240 3932 311 3996; x_wconf 86' lang='lat' dir='ltr'>tus</span> <span class='ocrx_word' id='word_1_176' title='bbox 333 3913 534 4002; x_wconf 85' lang='lat' dir='ltr'>rexerint,</span> <span class='ocrx_word' id='word_1_177' title='bbox 559 3904 610 3992; x_wconf 89' lang='lat' dir='ltr'>ad</span> <span class='ocrx_word' id='word_1_178' title='bbox 636 3910 792 4017; x_wconf 71' lang='lat' dir='ltr'>quaevis</span> <span class='ocrx_word' id='word_1_179' title='bbox 819 3906 891 3991; x_wconf 86' lang='lat' dir='ltr'>alia</span> <span class='ocrx_word' id='word_1_180' title='bbox 912 3905 1141 4019; x_wconf 81' lang='lat' dir='ltr'>gravilbma</span> <span class='ocrx_word' id='word_1_181' title='bbox 1163 3907 1304 3989; x_wconf 91' lang='lat' dir='ltr'>munia</span> 
     </span>
     <span class='ocr_line' id='line_1_32' title="bbox 241 4017 1302 4150; baseline -0.006 -40"><span class='ocrx_word' id='word_1_182' title='bbox 241 4017 280 4112; x_wconf 87' lang='lat' dir='ltr'>se</span> <span class='ocrx_word' id='word_1_183' title='bbox 304 4045 414 4111; x_wconf 82' lang='lat' dir='ltr'>totos</span> <span class='ocrx_word' id='word_1_184' title='bbox 437 4021 694 4142; x_wconf 68' lang='lat' dir='ltr'>reipublice,</span> <span class='ocrx_word' id='word_1_185' title='bbox 724 4046 854 4137; x_wconf 90' lang='lat' dir='ltr'>quam</span> <span class='ocrx_word' id='word_1_186' title='bbox 877 4019 950 4113; x_wconf 91' lang='lat' dir='ltr'>diu</span> <span class='ocrx_word' id='word_1_187' title='bbox 964 4017 1154 4123; x_wconf 81' lang='lat' dir='ltr'>decebat,</span> <span class='ocrx_word' id='word_1_188' title='bbox 1174 4017 1302 4150; x_wconf 26' lang='lat' dir='ltr'>‘dede-</span> 
     </span>
    </p>

    <p class='ocr_par' dir='ltr' id='par_1_11' title="bbox 762 4157 1244 4248">
     <span class='ocr_line' id='line_1_33' title="bbox 762 4157 1244 4248; baseline -0.006 -27"><span class='ocrx_word' id='word_1_189' title='bbox 762 4161 784 4221; x_wconf 92' lang='lat' dir='ltr'>c</span> <span class='ocrx_word' id='word_1_190' title='bbox 816 4160 837 4248; x_wconf 83' lang='lat'>3</span> <span class='ocrx_word' id='word_1_191' title='bbox 1148 4157 1244 4242; x_wconf 81' lang='lat' dir='ltr'>rmt,</span> 
     </span>
    </p>
   </div>
   <div class='ocr_carea' id='block_1_4' title="bbox 0 0 1604 4784">
    <p class='ocr_par' dir='ltr' id='par_1_12' title="bbox 0 0 1604 4784">
     <span class='ocr_line' id='line_1_34' title="bbox 0 0 1604 4784; baseline 0 0"><span class='ocrx_word' id='word_1_192' title='bbox 0 0 1604 4784; x_wconf 95' lang='lat' dir='ltr'> </span> 
     </span>
    </p>
   </div>
  </div>
 </body>
</html>
