3200 4784
601 427 748 511 Ltaea
773 439 1005 526 musterus.
1288 461 1334 536 93

272 600 342 694 tis,
368 609 431 674 dut
447 593 583 672 babere
600 593 818 696 dominium,
838 595 903 666 'aut
919 595 964 668 de
980 603 1084 666 tanto
1101 589 1169 669 isto
1187 615 1336 674 munere

235 777 238 782 ,
269 701 484 798 particulam
501 699 565 771 sibi
576 699 727 798 aliquam
744 695 946 768 vindicare:
971 694 1154 788 indicans,
1181 699 1263 788 quia
1278 713 1335 772 to-

269 811 350 874 tum
365 797 432 872 Dei
458 797 530 890 est,
555 797 603 888 stc¹
623 799 691 869 ait:
726 791 840 891 Neque
856 796 1079 892 mespharat,
1105 817 1202 894 neque
1217 803 1274 894 qui
1290 803 1337 868 rs·

265 919 348 996 gat,
373 899 411 996 cfl
426 898 567 996 aliquas,
590 897 643 984 sed
653 895 739 984 solur
757 899 866 985 Deus,
895 901 950 991 qui
965 897 1005 965 ad
1022 902 1214 968 incrementa
1225 900 1336 994 perdu-

257 1006 335 1074 cit.
385 995 549 1090 Operarii
567 995 771 1078 interalios
789 993 869 1066 estis
884 995 1039 1066 intrante
1056 991 1153 1085 sole,
1179 999 1251 1069 hoc
1269 997 1335 1093 est,

263 1096 381 1174 'finito
409 1094 531 1171 seculo
555 1086 798 1187 potestis‚·'·in
828 1095 885 1164 die
911 1094 1176 1180 retributionis,
1213 1101 1337 1171 nobis·
1394 1095 1396 1102 '

273 1217 356 1272 curu
373 1197 418 1269 de
431 1194 597 1276 mercede
615 1193 850 1265 contendere.
903 1192 1032 1265 Nolite
1049 1195 1156 1266 vobis
1171 1193 1336 1286 Majesta·

259 1299 320 1370 'tis
346 1287 544 1370 dominium
569 1287 764 1365 vindicare.
817 1287 911 1364 Nam
935 1291 959 1363 li
980 1296 1029 1364 ita
1048 1291 1121 1384 est,
1147 1293 1336 1368 vindicent

271 1397 335 1473 fibi
353 1398 387 1469 dt
402 1391 569 1484 ministri,
597 1395 655 1484 qui
672 1386 798 1463 mensae
815 1391 1017 1462 Dominicae
1034 1389 1269 1475 famulantur,
1294 1407 1337 1467 ut

269 1516 341 1592 pro
367 1495 588 1570 humanitate
611 1491 791 1579 exhibita,
828 1491 872 1561 ab
893 1489 1054 1562 invitatis
1076 1491 1336 1586 glatulatioeis

264 1594 459 1668 reseratur.
513 1589 639 1664 Christi
654 1611 730 1662 vox
742 1587 797 1680 ¹est
814 1591 1018 1663 invitantis:
1050 1593 1168 1665 Venire
1186 1591 1339 1664 tenelius·

261 1700 378 1794 patris
400 1699 477 1763 mei:
504 1691 657 1764 veniunt
672 1703 796 1785 gentes
816 1690 858 1762 ad
877 1691 1043 1784 gratiam-5
1083 1689 1243 1765 Exhibet
1261 1691 1337 1786 ille,

272 1796 335 1883 qui
355 1795 510 1864 invitare
530 1786 785 1885 dignatusest:
819 1787 1045 1862 ministerium
1067 1807 1214 1888 enercet
1233 1794 1339 1867 turba

272 1891 503 1964 famulorum.
562 1889 652 1960 Non
676 1888 950 1978 famulantibus,
985 1886 1043 1959 sed
1067 1887 1221 1980 pascenti
1246 1890 1339 1978 refe·

274 1990 396 2061 rendae
415 1986 503 2066 ,sunt
521 1991 658 2084 gratiae.
709 1987 790 2058 Vos
800 1987 897 2061 'cum
914 1985 1058 2060 ministri
1076 1988 1165 2062 suist
1197 1989 1337 2065 inuere-

276 2087 395 2161 cunde
422 2101 541 2184 totum
572 2089 679 2158 vobis
708 2083 873 2158 conuiuii
901 2085 1099 2162 dominium
1122 2087 1336 2165 vindicatis:

274 2209 358 2260 cum
378 2187 412 2260 se
427 2184 628 2260 &ceteros
647 2183 858 2259 beatissimus
872 2185 999 2258 Paulus
1014 2185 1167 2262 famulos
1180 2207 1261 2264 cum
1275 2191 1339 2264 hu-

258 2289 427 2363 militate
449 2281 614 2360 fateatur.
661 2279 804 2375 ¹Nequls
823 2281 992 2380 putaret,
1019 2289 1057 2360 in
1076 2285 1158 2361 solis
1178 2287 1339 2382 Aposto-

275 2389 319 2460 lis
338 2399 399 2458 aut
411 2381 622 2480 Episcopls,
647 2382 741 2477 spem
759 2381 854 2457 sliam
871 2383 942 2457 elle
960 2389 1185 2480 ponendam,
1212 2389 1259 2460 slc
1272 2390 1338 2465 ait:

277 2487 369 2580 Quid
391 2486 429 2582 eft
453 2489 536 2556 enim
560 2485 695 2572 Paulus,
721 2487 774 2555 uel
791 2487 868 2581 quid
887 2482 1025 2581 Apollo?
1068 2491 1183 2582 Utique
1200 2489 1341 2583 miniflra'

274 2590 365 2684 ejus,
384 2589 420 2654 in
435 2610 525 2682 quem
540 2585 718 2682 credidistis.
754 2583 816 2657 Est
833 2603 921 2681 crgo
939 2585 975 2658 in
994 2585 1167 2658 univetsrs
1186 2584 1340 2660 servien-

274 2687 372 2760 tibus
395 2705 471 2759 non
494 2685 713 2773 dominium,
746 2683 804 2753 sed
826 2683 1064 2758 ministerium.
1115 2685 1229 2758 Vides
1248 2707 1338 2784 ergo

274 2785 387 2880 ¹frater
406 2783 656 2874 Parmeniane‚
683 2801 727 2852 ex
749 2783 873 2852 tribus·
885 2779 1067 2874 speciebus
1085 2781 1186 2877 supra
1203 2807 1339 2860 memo·

273 2886 381 2966 ratis,
402 2885 496 2956 illam
513 2883 631 2974 primo
645 2878 857 2982 tripartitam
872 2879 941 2954 else
952 2883 1151 2972 immotam,
1170 2886 1339 2964 invitlam

274 2977 592 3058 &immutab'llemr
609 2973 792 3076 operantis
804 3001 895 3078 ¹vero
912 2987 1165 3077 temporariam
1179 2985 1248 3061 else
1259 3009 1339 3083 per·

272 3083 409 3162 sonam.
481 3103 484 3110 ·
794 3159 797 3164 ,
838 3095 840 3100 “
1091 3108 1094 3118 ’
1319 3115 1322 3120 ·

338 3191 372 3261 8.
389 3181 512 3256 Restat
517 3184 589 3278 jam
601 3181 645 3254 de
657 3179 840 3254 credentis·
848 3185 978 3257 merito
990 3184 1121 3275 aliquid
1132 3185 1267 3261 dicere:
1280 3205 1339 3260 cu-

265 3282 331 3378 jus
344 3280 394 3352 est
408 3279 510 3375 fides,
530 3305 632 3376 quam
644 3279 737 3353 filius
751 3283 820 3354 Del
833 3283 865 3354 u
877 3281 1047 3357 sa'nttitati
1058 3281 1125 3357 sue
1135 3287 1340 3380 anteposuit

271 3382 310 3454 dt
328 3377 525 3468 Maiestati3
549 3403 626 3456 non
644 3383 736 3455 enim
755 3382 905 3473 potestis
926 3381 1115 3456 sanctiores
1132 3383 1217 3477 esse,
1232 3407 1339 3477 quam

271 3477 435 3554 Christus
453 3479 514 3555 est.
553 3481 612 3552 Ad
626 3501 731 3571 quem
748 3501 829 3555 cum
844 3484 969 3555 mulier
984 3484 1042 3553 illa
1056 3486 1219 3574 veniret,
1238 3485 1349 3573 cujus,

273 3575 349 3654 filia
365 3589 441 3650 erat
457 3596 600 3652 mortua
617 3579 812 3675 &rogaret
830 3595 871 3651 ut
887 3578 1131 3670 suscitaretur,
1152 3584 1239 3654 nihil
1254 3600 1339 3673 pro-

274 3678 367 3756 misit
385 3679 431 3778 de
455 3680 591 3751 virtute
611 3675 688 3757 sua,
723 3675 780 3751 sed
805 3679 884 3772 post
904 3677 1010 3752 fidem
1036 3681 1234 3775 interrogat
1258 3683 1342 3756 alie·

274 3797 379 3867 nam,
406 3793 448 3850 ut
468 3779 492 3852 sr
511 3777 638 3851 mulier
660 3779 841 3868 crederet,
877 3799 945 3871 pro
967 3783 1086 3851 matris
1112 3781 1339 3877 credulitate,

273 3873 349 3951 filia
360 3875 536 3972 surgeret:
562 3877 681 3950 finon
701 3879 888 3970 crederet,
916 3879 1032 3949 virtus
1050 3873 1112 3950 filii
1130 3880 1200 3954 Dei
1212 3880 1339 3955 feriata

276 3973 436 4052 cess‘aret.
489 3977 734 4071 Interrogatur
750 3977 893 4050 mulier:
927 3977 1113 4070 respondit
1132 3977 1167 4052 se
1190 3980 1339 4055 credere
1392 3983 1394 3988 '

275 4071 358 4152 fieri
375 4075 477 4177 posse
499 4075 599 4171 quod
619 4073 781 4174 'rogabat
832 4075 984 4177 Jub'etut
1001 4079 1079 4178 ite,
1091 4081 1200 4155 ‚redit
1214 4081 1262 4153 ad
1274 4078 1354 4161 dm,

1216 4191 1327 4256 mutu
