3200 4784
524 387 669 478 384
1012 367 1676 495 Monunnnra
1711 351 2154 451 'Vh-rnna

522 541 813 628 tinent,
860 536 965 608 ita
1016 551 1267 608 omnes
1298 587 1323 624 ‚
1378 535 1494 624 qui
1549 547 1756 606 extra
1800 531 2192 609 Ecclesiam
2243 531 2528 610 Christi
2563 535 2644 614 hi·

488 644 705 726 ,bent
742 636 861 708 vel
898 633 1295 707 ministrant
1323 633 1754 725 baptismum
1787 631 2086 726 Christi,
2143 639 2556 713 veritatem
2583 639 2650 712 sa·
2693 653 2718 740 ἰ,

524 735 871 814 eramenti
898 733 1121 806 divini
1156 733 1227 804 in
1260 731 1640 823 iniquitate
1669 733 2000 806 detinent
2031 739 2320 808 erroris
2359 739 2650 812 humani:
2698 745 2704 750 '

517 839 714 914 unde
754 837 1059 908 humana
1098 832 1491 923 ‘iniquitate
1540 831 1862 905 correcta
1909 855 2058 906 non
2099 833 2206 905 est
2249 841 2548 910 veritas
2587 841 2656 909 di-

516 940 699 1011 vina
750 933 1115 1006 violanda.
1238 931 1387 1027 Qui
1454 947 1694 1006 autem
1754 947 2012 1024 putant
2061 938 2504 1028 negandum
2555 935 2654 1010 effe

502 1031 942 1129 ‘baptismum
994 1028 1247 1104 Christi
1288 1084 1311 1122 ‚
1381 1031 1545 1121 quia
1593 1051 1775 1104 -eum
1845 1030 1913 1102 ἀ
1969 1032 2294 1105 haeretiei
2363 1035 2652 1128 tradunt,

519 1133 817 1234 poss'unt
851 1147 1103 1224 putare
1149 1131 1549 1226 negandum
1586 1129 1726 1202 effe
1763 1132 1976 1204 etiam
2010 1129 2236 1222 ipsum
2281 1131 2654 1228 Christum,

522 1240 690 1329 quia
734 1253 895 1305 eum
948 1231 1013 1302 ἃ
1067 1231 1427 1304 daemones
1480 1225 1944 1303 confitentur.
2047 1227 2140 1302 Et
2183 1234 2380 1305 ideo
2437 1238 2526 1308 ad
2565 1236 2654 1308 Ec-

522 1335 802 1410 clesiam
834 1335 1085 1402 venire
1121 1330 1433 1420 debent,
1489 1330 1608 1421 qui
1645 1345 1850 1402 extra
1884 1331 2035 1421 ejus
2068 1339 2657 1410 communionem
2705 1370 2710 1376 ·

488 1435 957 1525 ,baptismum
992 1431 1145 1520 ejus
1172 1430 1484 1519 habent,
1528 1449 1681 1502 non
1706 1443 1833 1518 ut,
1879 1431 2076 1520 quod
2103 1430 2428 1523 deerat,
2489 1435 2658 1523 adfit,

524 1533 648 1609 sed
696 1547 775 1603 ut
794 1527 823 1612 ‚'
870 1531 1067 1620 quod
1111 1530 1387 1609 inerat,
1442 1528 1686 1620 profit.
1803 1527 2068 1620 Neque
2117 1533 2550 1620 putandum
2591 1533 2664 1605 est

520 1636 690 1709 illos
728 1631 896 1703 hinc
947 1630 1125 1701 clam
1174 1627 1585 1700 diuturnum
1623 1627 1998 1700 habituros
2036 1628 2172 1700 ess'e
2214 1632 2665 1726 conflictum,

524 1729 1105 1824 quandoquidem
1157 1730 1367 1799 etiam
1408 1727 1496 1799 de
1544 1724 1681 1799 hac
1724 1747 1804 1800 re
1846 1726 1971 1800 suo
2003 1727 2288 1818 Judicio
2331 1730 2668 1805 &xe-xem-

520 1833 653 1927 plo
704 1842 1057 1921 poterunt
1102 1828 1523 1901 admoneri:
1602 1828 2030 1920 baptismum
2088 1831 2368 1921 quippe
2429 1830 2668 1904 Christi

524 1945 731 2004 extra
781 1926 971 2001 suam
1023 1930 1609 2002 communionem
1673 1928 1745 1998 in
1802 1926 2214 1999 Maximiani
2295 1929 2667 2005 schismate

526 2030 771 2104 datum
822 2030 894 2100 in
936 2026 1083 2116 eis,
1150 2045 1333 2115 quos
1380 2025 1545 2097 inde
1591 2046 1754 2099 curn
1799 2026 1978 2115 illis,
2045 2047 2230 2115 quos
2285 2029 2666 2103 damnave-

522 2141 733 2218 rant,
800 2124 1303 2216 susceperunt,
1374 2123 1759 2220 agnoscere
1807 2145 2014 2215 quam
2059 2124 2496 2202 rescindere
2551 2149 2652 2204 ma

522 2231 838 2305 luerunt.
942 2224 1253 2297 Proinde
1284 2223 1556 2296 &illud
1595 2225 1794 2315 quod
1837 2245 1986 2296 non
2029 2224 2220 2296 recte
2258 2229 2668 2324 intelligen-

522 2344 637 2402 tes
682 2327 917 2400 solent
955 2326 1235 2397 dicere:
1305 2327 1415 2396 Ne
1448 2348 1847 2393 commumces
1871 2341 2135 2415 peccans
2163 2329 2458 2411 alieni55
2517 2327 2668 2424 (ne-

526 2450 667 2520 que
721 2428 909 2500 enim
956 2426 1103 2498 hoc
1142 2443 1540 2517 ,corporum
1602 2421 2128 2517 segregatione,
2203 2421 2326 2495 sed
2383 2445 2667 2500 morum

522 2526 1069 2602 diffimilitudine
1104 2522 1503 2597 faciendum
1540 2522 1641 2596 est
1660 2522 1723 2619 :)
1768 2523 1841 2595 in
1887 2524 1989 2595 eis
2034 2541 2406 2618 coguntur
2445 2541 2670 2598 atten-

525 2628 743 2716 dere,
812 2622 1410 2716 quemadmodum
1465 2622 2003 2718 intelligendum
2052 2623 2133 2693 fit
2166 2676 2188 2710 ,
2261 2644 2454 2714 quoa
2503 2645 2666 2698 cum
2739 2623 2743 2632 '

521 2726 969 2802 Maximiano
1017 2725 1355 2796 damnato
1398 2720 1832 2795 sacramenta
1871 2722 2494 2796 communicantes
2541 2726 2662 2796 im·
