3200 4784
444 410 1204 492 ouDonuar'ananuuHrseouru.
1287 422 1360 507 485

289 576 459 660 fitemur‚
474 595 543 650 nos
563 576 606 648 ad
625 577 798 672 agendum
814 578 1001 674 negotium
1022 576 1080 650 die
1097 571 1181 673 aitis,
1198 573 1357 671 exprelia

293 679 422 751 ordine
439 677 583 771 integro
600 675 670 747 elle
685 691 875 751 venturos.
981 765 986 773 Ι

368 782 402 851 6.
431 777 644 846 Marcedinus
664 780 722 846 asir
743 773 935 864 clarissimus
954 769 1115 847 Tribunus
1139 771 1180 851 (5
1195 777 1355 847 Notarius

258 904 264 921 ··
284 879 396 949 dixit:
415 872 532 946 Leeiae
546 872 734 947 cautiones
747 874 851 971 gestis
864 874 1094 968 praesentibus
1111 874 1352 950 adherebunt.

286 979 338 1050 Er
355 977 479 1070 oijocis.
530 975 713 1074 Quoniam
738 973 901 1064 constat,
918 1044 921 1049 ⁴
936 988 1019 1048 aute
1037 975 1130 1047 diem
1155 973 1353 1049 editionem

283 1073 413 1150 fatiam
439 1071 510 1146 elie
534 1071 735 1167 gestorum,
761 1072 937 1168 superest,
963 1090 1005 1148 ut
1024 1072 1220 1168 principale
1243 1093 1353 1170 nego·

278 1177 378 1248 tium
396 1187 634 1266 proponatur.

323 1312 328 1322 ·
360 1296 393 1364 7.
421 1271 934 1369 AugustinurEpissopusEcclefiae
946 1271 1114 1344 catholica
1128 1273 1235 1344 dixit.-
1256 1270 1353 1346 Prin·

285 1375 402 1463 cipale
423 1371 609 1466 negotium
632 1373 762 1462 jamdiu
788 1371 859 1464 est,
889 1388 931 1444 ut
953 1372 1133 1464 cupimus,
1157 1374 1350 1447 terminari.

282 1471 443 1546 Proinde
461 1471 563 1544 srvel
580 1471 659 1543 sero
678 1472 906 1565 conceditur,
926 1474 1098 1565 probent,
1120 1472 1289 1561 quoniam
1304 1491 1351 1544 ex

282 1585 387 1666 parte
408 1570 552 1643 adversa
572 1570 640 1643 elie
658 1570 879 1664 desiderant,
907 1571 1043 1641 totiens
1063 1567 1204 1661 objecta
1224 1567 1351 1642 Eccle-

281 1671 340 1745 srae
357 1668 479 1741 sanitae
491 1667 688 1744 Catholicae
704 1683 788 1743 toto
804 1673 895 1743 orbe
908 1668 1040 1742 diffusae
1053 1669 1199 1741 crimina
1216 1666 1350 1742 &nun-

285 1791 390 1860 quam
416 1771 578 1858 probata.
632 1769 768 1842 Etcum
788 1770 913 1846 diceret.
968 1771 1015 1842 Et
1034 1769 1100 1840 ulia
1120 1792 1228 1840 manu.
1278 1767 1350 1841 Re·

273 1888 462 1962 cognovi.
1036 1904 1038 1908 ·

361 1975 392 2045 8.
419 1967 594 2038 Adeodorus
613 1968 779 2064 Episcopus
796 1968 898 2040 dixit:
924 1967 1146 2059 Proponant.
1173 1965 1347 2058 Sciamus,

284 2067 370 2159 quid
384 2079 503 2161 agunt.
540 2065 586 2138 Et
600 2069 666 2138 olio
681 2093 790 2142 manu.
815 2066 1026 2140 Adeodatue
1037 2064 1236 2160 Episcopus
1251 2064 1347 2139 salva

282 2168 527 2261 appellatione
543 2168 756 2263 recognovi.

358 2288 393 2360 9.
427 2269 800 2364 VincentiusEpiscopus
811 2265 946 2360 Ecciefiae
957 2265 1125 2336 Catholicae
1135 2265 1239 2334 dixis:
1260 2260 1346 2333 Pro·

280 2365 498 2457 politionem
520 2387 566 2440 ex
589 2368 760 2441 mandato
781 2388 858 2441 non
884 2364 1043 2438 didicisti.
1090 2365 1138 2436 Et
1156 2363 1223 2432 olio
1238 2384 1345 2432 manu.

281 2465 512 2560 Recognovi.

360 2585 414 2636 10.
445 2560 599 2654 Poffldius
614 2566 781 2659 Episcopus
798 2561 933 2653 Ecclefiae
950 2560 1117 2630 catholica
1132 2560 1234 2631 dixit:
1261 2556 1346 2630 Mo·

281 2683 399 2735 rarum
424 2664 619 2736 tendiculas
645 2664 761 2734 nullus
782 2662 1012 2752 interponat,
1038 2659 1063 2733 fi
1083 2658 1128 2731 de
1151 2657 1261 2733 causae
1279 2675 1346 2730 no·

280 2762 357 2834 ilrae
377 2760 583 2851 defensione
609 2761 760 2849 aliquam
787 2760 958 2832 habemus
976 2755 1156 2832 fiduciam.
1210 2759 1256 2830 Et
1276 2779 1344 2828 suu

284 2862 410 2934 diceret.
456 2857 504 2931 El
522 2861 709 2934 oliamanu.
740 2858 1005 2955 Recognovi.·
1367 2866 1375 2875 ''

362 2978 416 3031 11.
445 2959 663 3031 Marcellinus
673 2963 732 3031 vir
745 2956 935 3049 clarifflmus
955 2949 1169 3033 Tribunus&
1181 2958 1346 3030 Notarius

282 3061 389 3132 dixit:
414 3057 449 3130 Si
467 3059 552 3149 quid
566 3059 785 3154 intenditur,
809 3072 1045 3154 proponatur.

361 3179 416 3233 η.
443 3161 578 3255 Alypius
593 3160 758 3255 Episcopus
777 3159 911 3254 Ecclefiae
927 3159 1093 3228 catholica
1107 3158 1214 3229 dixit·
1240 3156 1346 3229 Man·

284 3258 404 3330 datum
423 3257 579 3352 ipsorum
599 3260 759 3354 legatur,
787 3259 1075 3331 &intentionem
1091 3257 1247 3348 ipsorum
1263 3255 1347 3328 inde

284 3355 455 3452 agnoscet
470 3358 640 3431 nobilitas
658 3374 730 3433 tua.
763 3360 809 3430 Et
825 3359 889 3428 olio
905 3382 1012 3431 manu.
1037 3354 1270 3451 Recognovi.

362 3477 415 3547 13.
444 3459 652 3527 Marcellinus
669 3464 725 3529 vir
742 3455 931 3547 clariffimus
949 3451 1111 3528 Tribunus
1129 3454 1168 3529 (5
1186 3457 1346 3525 Notarius

282 3558 386 3629 dixit:
404 3551 549 3628 Amotis
566 3560 730 3630 omnibus
742 3560 866 3646 moris,
882 3557 1050 3648 quoniam
1063 3552 1203 3665 conlw
1214 3553 1348 3647 omnia,

286 3677 364 3747 quae
383 3659 425 3726 ad
443 3656 616 3747 principia
632 3658 770 3752 negotii
788 3659 1036 3749 pertinebant,
1061 3653 1243 3746 superlore
1257 3650 1348 3742 judi·

285 3757 382 3827 dicio
399 3756 609 3846 terminata,
634 3755 733 3827 causa
751 3756 900 3829 dicatur.
972 3824 975 3829 ,
1281 3796 1285 3803 -

366 3874 420 3942 14.
458 3859 658 3927 Firtunatus
691 3853 858 3950 Episcopus
883 3851 1020 3948 Ecclefiae
1048 3850 1216 3922 Corioliso
1241 3850 1346 3921 dixit:

286 3952 375 4026 Duo
403 3953 440 4024 in
465 3952 634 4031 mandato
657 3951 721 4025 suo
747 3952 917 4044 objecilie
940 3948 1155 4026 monstratur
1181 3969 1261 4042 pars
1292 3949 1350 4020 ad·

286 4047 409 4142 versa,
440 4056 670 4134 traditionem
691 4054 724 4129 ἀ
742 4051 1042 4232 pergspcutionem.
1092 4049 1129 4125 Si
1145 4051 1351 4216 igitupcau·

397 4180 413 4185 -ν
459 4196 462 4205 .
844 4153 919 4250 Μ
1259 4166 1326 4215 ‘m
