3200 4784
533 475 543 497 ,
580 406 736 488 L1nttn
767 425 986 490 nuntius.
1268 437 1318 516 49

232 589 352 666 term
372 585 526 662 tuarum,
556 571 720 646 benedixit
730 573 818 665 filiis
836 579 904 646 ruis
922 579 960 644 in
977 588 1019 645 re.
1075 569 1144 650 Per
1164 571 1315 674 singulas

232 674 457 770 provincias
488 673 604 746 totius
636 677 735 747 orbis
769 663 882 747 viiles
910 673 1058 768 finguias
1084 673 1316 772 intelligimus

235 777 401 850 montis:
427 773 462 846 δι
479 774 564 848 dum
580 795 657 846 non
671 775 709 846 in
729 786 815 846 toto
831 785 957 847 monte
973 772 1074 844 videt
1091 769 1228 867 Esaias,
1254 773 1316 848 sed

236 875 279 948 in
304 895 380 948 una
404 875 524 964 valle,
556 873 630 946 hoc
655 873 729 964 est,
761 876 799 945 in
821 871 895 945 sola
915 870 1057 946 Africa:
1090 872 1128 946 in
1148 895 1219 966 qua
1238 873 1315 950 sola

239 995 328 1048 cum
353 969 553 1046 sufficerent
574 976 709 1065 templa
725 973 795 1044 Dei
816 993 895 1064 quae
916 971 1082 1064 fuerant,
1109 975 1176 1048 alia
1191 974 1315 1050 facere

240 1076 446 1146 voluerunt
470 1074 650 1165 principes
672 1070 802 1164 vestri,
834 1072 872 1142 in
894 1091 963 1160 qua
985 1072 1058 1143 sola
1080 1069 1206 1162 dejeeti
1232 1073 1314 1148 sunt

240 1176 350 1252 muri,
361 1173 395 1244 ἀ
405 1187 446 1244 ut
455 1167 709 1262 fierentmuri,
726 1191 817 1262 aqua
828 1169 951 1242 sanetae
962 1169 1103 1263 piscinae
1114 1171 1315 1248 transversa

242 1273 317 1366 est,
344 1272 379 1346 &
400 1273 548 1344 novitas
575 1288 705 1343 contra
728 1271 976 1359 antiquitatem
992 1291 1012 1342 a
1031 1270 1138 1343 vobis
1155 1268 1316 1346 instituta

242 1372 325 1464 est,
365 1371 514 1461 &aqua
538 1371 692 1444 humana
718 1385 847 1440 contra
873 1368 1033 1441 divinam
1060 1370 1225 1442 ordinata
1251 1368 1314 1446 est.

242 1471 333 1544 Hoc
348 1484 467 1544 totum
493 1471 592 1542 Deus
611 1472 648 1540 in
668 1470 798 1542 vallem
817 1467 953 1542 montis
975 1467 1085 1558 Sion,
1112 1467 1317 1556 &interto-

243 1589 306 1666 gat
329 1570 363 1644 δι
384 1573 568 1662 increpat,
596 1569 738 1642 dicens:
773 1571 817 1638 Ur
831 1570 906 1666 quid
923 1569 979 1638 iuer
989 1563 1121 1659 faiium
1143 1563 1316 1665 eflvebirZ
1361 1625 1370 1634 .

243 1673 323 1753 idea,
342 1696 492 1765 quaenam
508 1665 685 1761 arcendijiis
705 1675 742 1736 in
757 1672 870 1764 templa
879 1669 1122 1764 superuacanea.
1160 1671 1316 1766 Unaque·

243 1795 305 1868 que
323 1777 442 1840 civitas
465 1773 580 1861 repleta
598 1769 639 1862 esi
658 1766 927 1858 vociferantium:
953 1769 1120 1839 vulnerati
1136 1772 1174 1838 in
1194 1785 1227 1840 te
1246 1793 1315 1840 riam

198 1873 201 1894 ²
242 1873 415 1938 vulnerati
433 1870 555 1959 gladie:
586 1865 625 1940 (5
647 1871 768 1936 mertui
786 1872 823 1935 in
844 1882 893 1953 te,
928 1890 995 1937 men
1020 1872 1134 1938 mortui
1158 1875 1195 1938 in
1215 1870 1314 1942 bello:

243 1973 288 2038 a'tr
308 1990 411 2036 errore
428 1967 511 2056 sunt
527 1993 548 2036 a
564 1971 697 2036 minimo
712 1990 808 2062 usque
824 1967 865 2036 ad
884 1973 1077 2036 maximum:
1109 1986 1255 2040 errantes
1273 1975 1315 2040 t'rt

243 2065 407 2136 mentun
423 2091 528 2136 omnes
542 2072 699 2160 principes
715 2072 788 2153 tui,
823 2073 861 2137 in
870 2065 983 2160 sugam
1000 2067 1137 2163 cenverfi
1149 2073 1248 2158 lunt:
1274 2067 1316 2146 θ’

244 2173 305 2264 qui
318 2173 403 2261 capti
410 2167 510 2255 sunt,
531 2173 680 2258 grauiter
696 2167 844 2259 alligati,
871 2167 909 2242 U
922 2165 1074 2256 fortiores
1092 2173 1143 2236 tui
1158 2169 1315 2264 longefa-

241 2282 314 2359 μη
323 2270 411 2350 lunt.
444 2263 579 2354 Miffirm
592 2291 640 2336 me
651 2265 767 2352 facite,
782 2293 887 2338 amare
898 2269 1033 2362 plorabo.
1060 2271 1161 2340 Nem
1177 2296 1222 2338 me
1229 2287 1315 2364 pute-

245 2371 296 2438 rii
303 2365 454 2452 consulari
460 2372 697 2438 incentritiane
697 2368 779 2456 filie
783 2375 909 2460 generis
922 2375 992 2440 mei.
1014 2364 1318 2464 EtaseendeniElnp

244 2471 409 2536 miraeum
417 2462 767 2558 pharetris(Elamitae
777 2471 886 2540 latina
897 2469 1013 2562 lingua
1026 2467 1212 2539 dicuntur:
1227 2467 1317 2539 cho-

244 2564 523 2660 ricasttotum).
552 2569 734 2636 penetralia
746 2569 848 2660 vestra
859 2567 1044 2642 deferentur
1056 2567 1093 2634 nd
1100 2566 1317 2657 pubinum&

243 2665 365 2753 secreta
379 2666 486 2736 demus
507 2660 835 2752 israetnudebunrur.
888 2665 973 2735 Hoc
990 2666 1025 2734 in
1045 2661 1168 2733 Africa
1187 2660 1319 2740 fastum

212 2830 218 2840 .
243 2763 319 2855 est,
344 2764 518 2836 &totum
537 2766 612 2837 hoc
631 2785 741 2852 quare
758 2763 887 2834 facium
905 2760 976 2854 est,
1003 2761 1178 2833 indicavit
1198 2763 1315 2860 Deus,

245 2865 331 2938 dum
347 2866 457 2936 vobis
474 2864 627 2952 imputat
644 2861 788 2933 dicens:
812 2864 971 2952 Quoniam
987 2862 1185 2956 corrueriifiir
1202 2888 1316 2961 aquam

244 2971 388 3060 antiqua
411 2961 539 3056 piscina
560 2963 787 3030 uicinitatem
804 2961 955 3056 vestrm,
991 2963 1027 3036 U
1045 2963 1315 3060 dejeciftiumuror

247 3063 469 3151 Hierusalem,
504 3079 543 3133 ut
556 3061 711 3153 faceretis
731 3062 868 3132 alteram
888 3065 1114 3150 munitionem,
1147 3061 1186 3140 (5
1207 3065 1316 3161 confli-

243 3164 356 3258 tuiftir
375 3187 490 3256 equam
508 3169 598 3233 inter
610 3163 689 3233 duna
703 3168 915 3233 munitiones:
941 3167 979 3240 σ
997 3163 1036 3232 ab
1053 3163 1206 3259 piscimam
1221 3169 1315 3236 anti·

244 3286 343 3362 quam
361 3264 523 3346 attendere
543 3263 709 3360 maluistis,
734 3289 791 3334 iaec
810 3268 958 3348 adeum,
983 3268 1039 3361 qm·
1054 3267 1094 3334 ab
1113 3268 1210 3336 initio
1229 3290 1316 3338 crea·

245 3362 421 3436 vitilium.

281 3487 288 3492 ·
324 3481 343 3554 3
384 3458 461 3553 Jam
483 3461 584 3534 videa
607 3459 719 3534 frater
742 3457 995 3553 Parmeniane,
1027 3460 1070 3534 ad
1093 3481 1165 3536 vos
1184 3461 1316 3536 redun-

246 3561 335 3636 date
350 3559 492 3648 omnia,
518 3581 707 3648 equorum
725 3561 945 3651 principibus
962 3563 1086 3633 harum
1104 3581 1222 3635 rerum
1240 3581 1316 3635 nm·

222 3663 347 3744 'mium
368 3658 537 3734 seminata
561 3659 612 3730 est
637 3659 748 3736 causa.
801 3660 945 3732 Deinde
966 3661 1007 3729 ad
1031 3661 1215 3732 Donatum
1232 3657 1317 3732 Cara

247 3757 516 3853 thaginensem,
543 3759 643 3848 cujus
667 3754 850 3834 veneficio
869 3759 1015 3829 videtur
1035 3758 1182 3830 unitatis
1204 3781 1315 3856 nego·

248 3861 344 3932 cium
369 3855 438 3930 effe
463 3871 701 3933 commotum.
751 3859 793 3931 In
820 3879 893 3940 quo
919 3853 1102 3930 estendam
1128 3859 1315 3952 operarios

248 3959 328 4050 ejus
351 3977 428 4031 non
455 3960 740 4049 provoluntate
762 3955 905 4049 nostra,
934 3976 1003 4028 nec
1024 3953 1080 4030 sua
1101 3959 1231 4032 maiitia
1255 3961 1315 4032 ali-

249 4057 336 4152 quid
359 4055 499 4151 feciise,
526 4057 585 4132 sed
605 4059 897 4153 provocantibus
920 4070 1030 4150 utque
1049 4058 1321 4158 impellentium

301 4157 514 4250 (ytatiAsri
533 4153 620 4238 Tem.
638 4160 669 4240 Ι.
958 4155 1000 4242 D
1210 4173 1298 4230 uuu-

1279 4393 1313 4440 X
