3200 4784
650 401 781 464 ΧΠ

660 550 1354 664 compendiariam
1390 579 1593 641 meae
1629 553 1730 640 ad
1763 576 1840 642 te
1867 552 2468 642 Helmstadium
2511 573 2796 666 usque

656 668 1035 753 institutae
1103 672 1789 783 peregrinationis
1850 668 2338 785 reditusque
2401 666 2500 752 ad
2555 692 2798 754 meos

657 806 998 895 penates
1034 780 1476 870 historiam.
2392 829 2401 844 ·

833 896 1126 1007 Scripsi
1164 925 1345 982 eam
1382 896 1628 999 mihi,
1693 895 1957 983 dustis
1990 895 2437 1011 hucusque
2471 892 2798 1009 aliquot

662 1006 944 1094 saltem
992 1010 1367 1124 quotidie
1416 1013 1687 1115 lineiS,
1746 1035 1842 1097 ut
1877 1016 2093 1124 inter
2127 1010 2416 1096 Musaei
2468 1009 2798 1114 secreta,

659 1125 1233 1212 recordatione
1263 1132 1521 1240 magis
1552 1126 1841 1229 vivida,
1878 1153 1968 1211 ea
2003 1125 2202 1211 mihi
2237 1121 2535 1240 gaudia
2567 1151 2796 1212 reco-

656 1237 920 1323 lerem
968 1266 1653 1357 repeterernque‚
1711 1269 1898 1355 quae
1949 1240 2194 1354 pleno
2229 1240 2463 1324 velut
2501 1265 2796 1332 cornu,

653 1348 822 1438 lioc
871 1353 1043 1466 ipso
1087 1358 1171 1442 in
1210 1359 1496 1448 itinere
1544 1361 1630 1440 in
1681 1384 1818 1441 me
1861 1358 2567 1470 peregrinantem,
2629 1358 2796 1438 tuis

653 1467 1105 1578 praesertim
1150 1476 1233 1554 in
1275 1471 1587 1556 aedibus
1620 1469 2071 1586 hospitem,
2133 1469 2604 1581 benignum
2647 1494 2798 1554 nu-

642 1609 856 1669 ·men
903 1579 1213 1670 effudit.

612 1758 655 1782 ..
828 1697 1418 1809 Aequivalebit
1451 1693 1610 1777 tale
1648 1692 1880 1780 surro
1945 1718 2171 1780 atum
2205 1695 2405 1782 tibi?
2479 1696 2800 1806 Aequi-

658 1809 963 1895 valebit
997 1811 1171 1897 aliis
1210 1810 1628 1925 patristicae
1671 1838 1876 1895 meae
1973 1810 2432 1898 ibliothecae
2466 1807 2796 1896 leEtori·

652 1922 1205 2041 buSPSequor
1224 1956 1384 2041 ego
1406 1926 1835 2012 oraculum
1859 1930 2073 2036 genii
2091 1929 2279 2014 mei.
2298 1925 2512 2010 Puto
2530 1923 2800 2010 indul-

648 2038 981 2238 gebunt
1010 2041 1173 2127 hoc
1196 2042 1396 2128 mihi
1426 2064 1699 2124 tecum
1719 2041 2143 2141 Lectoreffi
2175 2043 2408 2153 queis
2433 2037 2796 2132 molliori

712 2156 1001 2240 nxitde
1024 2159 1204 2243 luto
1226 2154 1666 2271 praecordia
1680 2158 1955 2242 Titan.
1980 2154 2368 2268 Spondeo
2388 2157 2474 2238 in
2492 2157 2790 2253 vicem,

656 2273 1245 2381 compendium
1280 2301 1416 2356 me
1446 2268 1787 2381 aliquod
1823 2270 2226 2379 dogmatici
2268 2268 2482 2353 illius
2520 2270 2607 2350 de
2641 2265 2786 2352 Ec-

653 2380 860 2496 clefia
890 2389 1416 2471 commentarii
1451 2381 1720 2470 adhuc
1768 2383 2197 2497 daturum,
2259 2380 2480 2467 unde
2513 2379 2794 2466 saltem

657 2500 1019 2604 constet,
1081 2501 1414 2616 qualem
1470 2500 1556 2580 de
1614 2497 1929 2611 Ecclesia
1990 2497 2260 2584 ideam
2314 2495 2620 2582 habere
2671 2497 2788 2579 in·

650 2609 1090 2699 formatam
1130 2619 1402 2699 animo
1438 2639 1835 2720 oporteat}
1859 2616 1999 2723 qui
2035 2613 2135 2695 de
2171 2606 2787 2695 controversiis:

654 2727 797 2811 Am
858 2755 1094 2811 arran-t
1130 2723 1386 2839 fiilis-m
1450 2723 1574 2839 effi
1638 2727 2035 2839 Ecclesium
2103 2723 2315 2811 Dens
2391 2723 2787 2823 omisserit?
