3200 4784
412 380 473 438 on
497 358 907 445 DounrrsnAnuu
930 355 1190 444 Hrsr'onrr.
1266 340 1338 471 389

200 556 205 609 r
263 544 462 619 numerus,
488 544 594 619 quam
615 522 791 623 originem
815 524 1007 618 habuerit,
1032 539 1152 599 utrum
1176 525 1249 601 hoc
1265 551 1333 605 no·

262 630 363 701 vitas
390 624 539 718 iecerit,
574 646 617 699 an
642 623 783 704 dederit
809 628 1023 719 antiquitas,
1051 640 1195 717 utrum,
1220 640 1260 699 ut
1283 633 1334 709 ita

261 726 440 819 dixerim,
466 732 597 804 contra
612 724 826 798 vetustatem
842 742 989 814 canam,
1015 728 1145 799 vitium
1163 727 1236 798 hoc
1254 729 1330 803 fue·

200 859 205 907 ε
260 827 315 900 rit
333 826 521 900 novitatis.
557 823 691 899 iit-arra
707 848 818 899 manu.
849 822 1042 899 Petilianut
1059 821 1258 920 Episcopus
1274 850 1330 903 re·

200 962 204 1005 .·
261 946 316 1001 co
366 945 442 1000 ovi.

200 1042 202 1047 ⁴
318 946 400 1100 g26.
428 1025 688 1096 Finunair'autrr
706 1024 869 1121 Episcopus
886 1024 1020 1121 Ecclesia
1038 1020 1209 1097 Catholicae
1221 1027 1328 1101 dixit.-

258 1124 503 1216 Multiloquio
521 1120 686 1197 Ecclestae
702 1123 840 1201 causam
861 1126 918 1221 agi
932 1144 1010 1197 non
1029 1124 1181 1217 debere,
1198 1129 1327 1220 perspi·

260 1224 317 1297 cit
339 1241 479 1297 mecum
500 1234 571 1296 tua·
594 1223 810 1320 dignationis
829 1222 972 1318 sensus,
997 1224 1135 1315 optime
1158 1231 1326 1321 cognito·
1366 1226 1375 1238 “

205 1370 208 1375 -
258 1341 353 1397 rum.
392 1323 518 1395 Etcum
535 1316 660 1395 diceret.
698 1324 833 1396 Erebe
848 1322 956 1395 mauu.
993 1322 1226 1419 Recognovi.

339 1425 398 1517 67.
421 1423 599 1495 Petilirnus
612 1424 790 1520 Eepr'strprrs
800 1413 908 1495 dixu.-
925 1420 1008 1495 Plus
1024 1420 1199 1515 scripsisti,
1218 1443 1325 1515 quam

224 1519 349 1619 ,dixi
378 1521 426 1593 Et
440 1520 631 1596 hliumans.
662 1521 855 1599 Petilianus
870 1521 1069 1618 Episcopus
1083 1522 1298 1617 recognovi.

338 1624 398 1700 68.
425 1623 680 1694 P'rrrrunationrrs
696 1624 860 1721 Episcopus
877 1623 1013 1717 Ecclefiae
1028 1623 1200 1693 carmina
1217 1625 1324 1696 dixirs

210 1763 214 1781 ·
259 1720 404 1795 Verum
422 1723 479 1794 vir
497 1722 712 1818 gravisimur
731 1722 923 1797 Petilianus
939 1742 1021 1796 cum
1040 1732 1122 1793 ante
1139 1725 1324 1813 paulurum

258 1816 430 1892 Ecclesiae
462 1819 599 1896 causam
639 1822 770 1895 divinis
800 1822 989 1913 scripturis·
1014 1818 1218 1895 firmandam
1250 1819 1322 1895 esse

256 1917 438 2013 professus
453 1919 586 2000 fuerit,
606 1935 721 2014 ¹atque
739 1942 817 1996 eam
836 1919 1195 1998 divinistestioroniis
1212 1920 1323 2012 quaeri

258 2017 396 2091 debere
411 2018 655 2112 constituerit,
681 2040 779 2095 nunc
800 2042 882 2095 eum
899 2040 963 2114 per
983 2018 1120 2093 diversa
1141 2022 1261 2115 vagari
1283 2020 1322 2093 in

260 2116 422 2211 personis
440 2120 708 2211 ordinatorum,
735 2120 991 2216 prosecutione
1010 2121 1086 2213 ejur'
1105 2119 1320 2194 ostenditur:

204 2256 209 2263 ·
258 2213 388 2307 Atque
402 2217 514 2313 ideo,
545 2239 592 2293 ne
607 2220 658 2293 illi
678 2221 811 2295 srmiies·
825 2221 1042 2311 videamur,
1056 2219 1191 2291 decreti
1215 2230 1322 2289 teno-

256 2333 344 2387 rem*
360 2318 501 2412 accepit
525 2317 716 2393 sublimitas
740 2334 825 2407 tua3
861 2319 894 2391 dc
919 2316 1165 2409 quid'patrum
1190 2315 1321 2387 statuta

259 2415 469 2509 voluerint,
496 2418 569 2508 eius
587 2416 741 2492 ledione
760 2416 993 2493 monstratum
1012 2416 1091 2489 est.·
1130 2411 1321 2485 Convenit
1357 2490 1365 2501 ,
1403 2492 1406 2498 ,

256 2511 468 2610 presentes,
485 2517 689 2588 moratoriis
704 2516 871 2590 omnibus
888 2512 1085 2586 actionibus
1100 2511 1243 2603 repulsis
1266 2524 1320 2582 at·

257 2632 329 2703 que
355 2612 561 2704 prostratis,
588 2615 719 2707 eligere
742 2632 841 2685 nunc
865 2632 909 2684 ex
935 2624 1036 2703 parte
1063 2610 1121 2683 sua
1145 2612 1317 2703 idoneos,

212 2784 224 2797 ‚
258 2711 320 2800 qui
348 2710 477 2802 poffint
500 2711 668 2782 institute
693 2709 805 2782 causae
829 2706 991 2803 ptaestrre
1009 2710 1224 2801 rationem,
1241 2730 1319 2783 orn·

257 2807 430 2899 ariumque
457 2807 663 2881 consensum
686 2808 741 2883 his
768 2806 852 2882 estis
874 2809 1104 2902 depromere,
1129 2823 1170 2880 ut
1185 2809 1320 2881 diluce-

256 2905 380 2981 scente
397 2908 552 2980 veritate
569 2906 657 2981 nulii
675 2908 780 3002 poilit
791 2906 862 2981 esse
875 2909 1087 3005 ambiguum.
1136 2906 1318 2999 Siquidem

258 3002 479 3079 confirmatis
503 3006 662 3101 personis
684 3007 781 3081 nuile
799 3028 879 3102 pars
898 3008 1042 3081 audebit
1065 3006 1206 3089 dicere,
1241 3006 1319 3081 sen·

255 3105 406 3181 tentiam
423 3126 500 3181 non
515 3106 615 3199 posse
631 3128 699 3181 nec
714 3107 846 3181 debere
860 3106 1069 3188 consistere,
1095 3106 1318 3199 quandoqui-

255 3203 339 3277 dem
351 3226 478 3279 eorum
492 3204 681 3281 consensus
695 3203 900 3281 aiiisfuerit
912 3208 1162 3301 depromptus:
1182 3208 1216 3276 u
1229 3207 1317 3277 ideo

256 3316 319 3377 aut
338 3302 675 3397 subscriptionibus,
702 3325 779 3398 quae
793 3306 969 3402 gerimus,
998 3304 1032 3380 se
1052 3307 1212 3377 doceant
1229 3322 1319 3376 con·

253 3400 416 3495 firmare,
442 3417 504 3476 aut
525 3402 731 3478 consensum
753 3402 851 3479 suum
870 3404 994 3499 srnguii
1009 3404 1246 3496 patefaciant,
1274 3410 1317 3473 ut

254 3501 349 3673 {etio
363 3500 527 3617 Eccieiiae
538 3504 642 3599 poffit
654 3502 718 3578 suo
731 3503 861 3578 ordine
872 3505 1047 3579 inchoari.
1072 3501 1196 3573 Eraria
1207 3524 1317 3573 mauu.

293 3622 360 3674 eco
375 3623 488 3676 novt.

330 3624 390 3796 ὑὲ.
416 3704 630 3774 Murredium
647 3706 703 3771 uir
715 3698 907 3792 cinriffimrts
922 3693 1139 3774 Tribunus&
1154 3698 1317 3771 Notarius

255 3798 362 3869 dixit:
397 3799 452 3873 De
472 3800 763 3895 incompetenter
786 3800 983 3891 ordinatis,
1010 3794 1317 3887 quosPetilianus

258 3898 315 3969 vir
338 3894 556 3976 sendiffimus
580 3898 879 3993 comprehendit,
909 3918 967 3971 me
989 3909 1126 3971 eertum
1148 3892 1221 3978 est,
1255 3895 1318 3987 qui

259 3997 305 4073 ad
330 3999 431 4077 aliam
457 4017 596 4099 partem
613 3991 1032 4177 principfficudioritete
1050 3994 1163 4092 judex
1187 3994 1319 4068 videor

658 4150 663 4158 .
785 4160 789 4169 ,
846 4118 870 4197 3
1166 4108 1299 4179 ,mxu
