3200 4784
1026 424 1029 431 ’
1163 503 1165 508 .
1215 421 1339 491 xrvu

352 569 612 677 Woerliciana
643 568 763 676 villa,
802 598 929 686 quam
945 570 1173 660 lubentius
1212 572 1336 664 Fran·

266 682 446 773 cisceum
464 715 487 771 a
503 683 720 800 possessore
738 684 1012 789 nominarem,
1031 686 1073 772 id
1089 715 1176 800 prae
1192 683 1337 778 Luisro

265 802 528 918 &Georgeo
549 799 747 914 singulare
772 800 917 905 habet,
947 800 1066 915 quod
1090 831 1177 890 non
1195 803 1335 917 priscae

266 930 432 1000 tantum
446 919 586 1015 aratio,
604 916 646 1000 &
662 918 784 1030 graeci
802 918 1015 1000 romanive
1032 917 1189 1029 gustus,
1204 945 1336 1034 quem

219 1125 221 1130 ,
265 1030 402 1115 nostra
417 1054 510 1115 aetas
528 1029 758 1139 adoptavit,
790 1028 853 1115 sed
870 1028 995 1115 medii
1012 1033 1133 1114 etiam
1150 1038 1249 1137 aeui,
1280 1058 1336 1121 at·

219 1141 221 1194 ⁵
266 1143 488 1256 questui,
529 1169 577 1228 ut
601 1166 777 1245 vocant,
819 1142 987 1229 Gothiei
1016 1143 1181 1230 aedificia
1201 1152 1335 1234 conti·

219 1317 221 1326 ·
265 1282 380 1367 neat3
420 1257 539 1373 quod
561 1257 617 1343 ob
641 1257 782 1369 praedii
806 1259 1029 1345 vastitatem
1057 1262 1232 1346 omnino
1256 1262 1337 1364 lici-

268 1371 642 1480 tum&decorum
661 1371 732 1457 est,
1145 1445 1147 1454 .

354 1484 479 1599 Qrafi
502 1490 804 1572 incantamento
826 1482 914 1572 sieri
940 1480 1103 1586 credas,
1133 1508 1181 1573 ut
1198 1481 1336 1577 subito

269 1601 375 1712 quin
392 1596 622 1711 exspesieS,
639 1598 755 1686 velut
771 1625 824 1684 ex
840 1615 1016 1686 romano
1034 1626 1156 1715 agro,
1182 1630 1234 1688 ex
1248 1608 1337 1691 Au·
1417 1632 1422 1638 ·

268 1714 376 1829 gusti
394 1738 666 1818 aureaaetate,
690 1718 731 1806 in
748 1741 887 1799 aevum
899 1709 1107 1815 ferreum,
1134 1718 1177 1803 δι
1193 1722 1335 1810 inme·

267 1830 375 1914 diam
393 1828 681 1929 Germaniam,
711 1828 779 1918 vel
797 1852 940 1931 terrac,
961 1851 1009 1914 ut
1025 1829 1141 1942 prisci
1157 1834 1336 1921 Romani

266 1941 491 2043 vocabant,
518 1943 705 2028 barbaras
725 1938 992 2027 transferaris.
1222 2049 1228 2061 .
1272 2043 1274 2047 ,
1391 2019 1397 2032 ,

267 2083 276 2150 J
354 2053 494 2168 lpsum
509 2056 720 2169 ‘oppidum
741 2056 1002 2143 Woerlicium
1027 2081 1106 2169 per
1131 2051 1338 2149 fornicem

265 2172 446 2275 intravi,
484 2174 550 2257 cui
586 2173 644 2256 est
671 2168 976 2285 pandochaeum
1007 2168 1337 2285 superstrustunr

267 2287 419 2378 vereris
464 2288 576 2372 castri
612 2286 655 2374 &
694 2284 863 2371 Gothiei
900 2285 976 2371 stili
1012 2282 1194 2373 formam
1230 2283 1336 2374 sotii·

265 2394 482 2494 referens:
520 2398 639 2509 cujus
665 2423 804 2485 tamen
830 2400 976 2487 cubilia
1005 2399 1055 2486 ad
1078 2404 1203 2487 nostri
1235 2425 1337 2517 tem·

266 2515 378 2625 poris
397 2515 566 2627 gustum
583 2513 826 2627 stilumque,
864 2513 1085 2602 commoda
1101 2514 1144 2600 8<
1161 2513 1338 2628 eleganti

266 2626 506 2742 supelleliili
526 2626 617 2713 sunt
635 2629 841 2721 instructa,
862 2654 987 2740 atque
1009 2627 1241 2715 celebrium
1260 2650 1338 2743 per
1359 2683 1378 2718 κ,

219 2805 221 2816 .
267 2738 499 2828 universam
536 2742 749 2853 Europam
782 2741 955 2825 urbium
996 2742 1236 2855 nominibu}
1275 2747 1353 2832 inv

266 2854 427 2967 scriptis
443 2856 496 2939 ab
520 2853 698 2940 invicem
715 2853 1038 2967 distinquuntur.
1097 2855 1179 2943 Hic
1194 2858 1339 2971 paulu·

219 2989 234 3064 ξ·
266 2967 358 3061 lum
379 2992 577 3052 moratus.
777 2989 780 2999 ’

219 3131 228 3212 3
354 3080 587 3194 Principem
604 3079 777 3184 accedof
791 3082 833 3167 δι
850 3078 977 3166 saluto
995 3084 1035 3167 in
1054 3080 1214 3171 adibus
1230 3080 1337 3170 villar

265 3197 487 3309 primariis,
505 3192 652 3281 forma
670 3222 811 3311 graecae
827 3193 894 3281 vel
911 3222 1091 3283 romana
1109 3196 1199 3283 sane
1221 3228 1242 3283 e
1275 3223 1338 3283 re·

298 3313 372 3405 ar,
412 3307 635 3424 fimilisque
667 3310 811 3425 gustus
850 3308 1084 3419 supelleetili
1113 3226 1336 3397 instruliio

313 3423 453 3536 rajicio
478 3425 637 3527 lacum,
669 3427 743 3537 qui
767 3422 905 3509 villam
932 3421 1020 3527 fere
1040 3424 1217 3510 mediam
1241 3426 1338 3511 divi·
1395 3523 1407 3534 ,

268 3538 353 3642 dit,
398 3536 441 3624 81
464 3560 560 3622 ecce
584 3537 766 3649 superbae
792 3535 1005 3649 quondam
1030 3541 1261 3628 monasterii
1284 3530 1338 3624 ad

234 3693 237 3697 ’
267 3648 491 3759 Gothicam
515 3647 695 3736 formam
721 3644 835 3751 fasli,
873 3655 1000 3736 ruina:
1024 3681 1092 3735 me
1112 3655 1336 3765 excipiunt.

267 3766 387 3856 Salva
414 3768 518 3850 intra
546 3770 720 3875 parietes
751 3767 908 3850 omnia:
939 3768 1097 3875 apta&
1116 3765 1337 3867 commoda

263 3883 379 3965 intus
406 3878 624 3964 habitatio:
664 3873 813 3964 cubilia
838 3876 1059 3991 splendida.
1119 3879 1241 3976 Nihil¹
1264 3879 1336 3981 ibi,

264 3985 340 4080 nisi
362 3993 483 4107 quod
508 3990 694 4104 medium
718 4019 854 4078 avum
882 3992 1018 4105 sapiat.
1073 3983 1173 4079 Inde
1199 4016 1334 4078 rever·
1416 4023 1419 4036 ¹

261 4109 328 4195 sus
353 4105 499 4198 eadem
514 4080 662 4222 scaplra
684 4106 733 4195 N
732 4107 1008 4226 ymplraeum,
1048 4107 1376 4239 ueluii‘luiino.

289 4289 293 4294 a
513 4281 515 4286 -
732 4301 736 4306 ,
1274 4244 1369 4305 in.-
