3200 4784
297 417 368 499 59²
550 392 882 471 Mouuuaurn
905 392 1123 473 V'r'raaa

298 555 482 655 personas,
493 558 693 629 convenite
703 558 800 649 locr,
813 559 1015 632 convenire
1025 559 1225 654 regiones,
1237 560 1357 651 qnando

300 679 370 734 nec
386 658 482 749 loca,
498 677 566 728 nec
580 656 764 751 regiones,
774 675 844 728 nec
858 656 937 751 ipsae
952 657 1129 752 expressae
1145 659 1357 753 personarunt

302 759 494 853 dignitates
510 755 556 828 de
576 757 736 845 utrisque
751 754 881 850 gestis,
906 754 964 829 sed
983 755 1057 828 sola
1078 762 1277 834 nominum
1294 780 1357 833 con

300 856 486 929 venientia
502 854 711 949 legebatur,
738 875 841 944 quam
858 855 896 928 in
918 855 1065 929 diverlis
1084 857 1261 950 personis
1276 881 1357 958 gene

301 957 352 1029 tis
369 954 511 1029 humani
530 951 755 1047 consuetudo
773 954 1000 1055 frequentare
1023 975 1106 1044 non
1131 957 1262 1035 cessat.

381 1059 457 1149 Cap.
474 1056 583 1125 XIX.
611 1052 788 1144 Spernens
805 1055 926 1143 itaque
940 1055 1116 1149 cognitor
1132 1054 1356 1133 incertillintt

301 1152 518 1246 suspiciones
539 1151 632 1243 juffit
654 1151 784 1242 aliquid
804 1152 1026 1226 manifestum
1043 1171 1187 1230 contra
1208 1160 1269 1230 illa
1289 1155 1357 1254 gest

301 1253 484 1349 proferri,
503 1264 565 1323 aut
582 1263 681 1323 cette
697 1246 922 1324 Constantini
935 1253 1137 1347 judicium,
1160 1259 1271 1351 cujus
1285 1278 1357 1330 men·

303 1358 359 1426 tio
375 1354 447 1445 jam
464 1348 555 1423 facta
573 1350 710 1439 fuerat,
737 1350 892 1427 recitari.
943 1350 991 1422 Et
1007 1355 1219 1431 recitatum.
1233 1355 1357 1449 estjudi

302 1457 396 1526 cium
411 1448 653 1533 Constantini,
674 1449 972 1540 quemadmodum
988 1450 1024 1525 se
1038 1454 1137 1526 inter
1155 1469 1287 1546 partes
1301 1474 1356 1529 can

302 1551 372 1626 sam
405 1550 583 1622 Caeciliani
622 1546 834 1644 cognovisse
870 1551 913 1623 ad
947 1548 1153 1626 Eumalium
1191 1557 1355 1629 Vicariun

301 1651 436 1724 Africae
452 1647 655 1741 scripstss’et,
678 1650 776 1738 quod
793 1650 943 1723 remotis
959 1653 1128 1724 omnibus
1145 1650 1353 1728 arbitrisCa·

302 1752 471 1824 cilianum
492 1750 748 1838 innocentem,
783 1748 866 1819 illos
885 1749 1226 1827 calumniosissimos
1247 1772 1356 1851 cogno·

301 1848 391 1922 vilse
410 1845 557 1922 testatus
577 1845 650 1937 est,
678 1867 962 1921 commemorans
983 1851 1090 1923 etiam
1113 1852 1155 1923 in
1176 1848 1355 1927 Arelateni

302 1948 441 2040 oppido
468 1966 536 2039 pro
564 1945 757 2018 Caeciliano
784 1945 913 2020 saslum
931 1945 1161 2042 Episcopale
1191 1953 1356 2042 iudicium,

302 2051 361 2120 cui
380 2047 519 2137 jndicio
540 2046 611 2136 J’am
636 2046 775 2138 plurimi
798 2066 843 2118 ex
867 2044 1078 2121 dissensione
1100 2050 1355 2137 consenserant
1412 2081 1414 2125 J

301 2147 447 2237 reliquis
472 2144 588 2214 adhuc
611 2145 846 2217 resilientibus
870 2145 903 2218 dr
927 2144 1254 2224 discordantibus:
1285 2148 1356 2223 unu

301 2244 376 2339 ipse
395 2244 439 2316 de
454 2263 492 2315 te
509 2257 588 2313 tota
604 2243 698 2315 inter
713 2257 832 2334 partes
848 2243 992 2317 coaetus
1008 2245 1058 2319 est
1070 2248 1258 2338 judicare.
1295 2242 1355 2321 Poll
1412 2276 1414 2323 1

301 2346 427 2420 harum
446 2342 680 2436 imperialium
706 2342 906 2416 litterarum
931 2346 1193 2422 recitationem
1220 2347 1356 2438 quaesiuit

303 2445 507 2539 cognitore
525 2440 739 2531 Donatistis,
767 2444 849 2532 quid
865 2445 1176 2520 contradicerent.
1233 2448 1286 2519 lbi
1300 2446 1355 2517 Do

300 2544 435 2617 natistae
454 2539 568 2613 rursus
585 2541 627 2612 ad
648 2541 860 2614 Melclriadis
881 2540 1134 2616 calumniosam
1153 2546 1354 2619 criminatio
1412 2588 1414 2609 .

301 2664 383 2715 nem
400 2642 514 2713 redite
529 2641 651 2712 conati
669 2640 759 2714 sunt.
809 2639 918 2714 Unde
936 2663 1016 2715 cum
1037 2641 1152 2714 essent
1172 2645 1355 2742 cognitotis
1413 2678 1414 2691 κ

300 2743 587 2814 interlocutione
607 2739 762 2830 depulsi,
791 2741 823 2810 u
843 2743 886 2812 ab
907 2742 956 2812 eis
976 2739 1061 2813 ellet
1079 2740 1311 2837 flagitatum,
1329 2753 1374 2813 ult

301 2856 431 2913 contra
453 2841 623 2929 judicium
649 2839 860 2911 Melchiadis
886 2842 949 2912 vel
973 2840 1207 2931 imperialem
1240 2844 1356 2916 senten

300 2943 406 3027 tiam,
433 2938 646 3012 sthabetent
665 2939 815 3029 aliquid,
842 2942 1057 3028 recitarent,
1085 2940 1354 3033 responderunt,

301 3043 408 3111 etiarn
427 3038 679 3130 Imperatoriae
705 3059 807 3110 aures
835 3040 953 3128 pravis
970 3037 1261 3133 suggestionibus
1279 3040 1356 3115 inllt·

299 3151 367 3214 tas.
428 3138 555 3209 ibicis
582 3139 750 3230 cognitor
773 3134 980 3233 respondit,
1014 3139 1114 3227 quod
1140 3143 1356 3216 attentiffint

300 3240 530 3326 adverterat,
547 3237 640 3308 inter
656 3253 774 3327 partes
790 3233 890 3306 fuisse
901 3235 1108 3327 judicatum.
1160 3241 1220 3312 At
1237 3244 1287 3314 illi
1303 3240 1356 3313 eri·

298 3357 383 3433 gete
406 3349 612 3428 coeperunt,
645 3348 686 3404 ut
705 3336 778 3406 hoc
797 3338 997 3430 legeretur,
1024 3348 1144 3408 utrum
1173 3342 1276 3414 inter
1298 3357 1357 3434 par·

299 3449 354 3509 tes
376 3437 590 3530 judicaverit
612 3431 821 3523 Imperator.
874 3434 986 3530 Quod
1003 3454 1081 3506 curn
1104 3434 1238 3512 fuisset
1256 3438 1357 3535 cogni·

298 3549 383 3610 tore
394 3538 544 3628 jubente
559 3536 768 3625 recitatum,
795 3535 882 3606 nihil
901 3535 1131 3606 invenientes
1152 3540 1264 3628 quod
1284 3542 1356 3613 dice·

298 3650 408 3725 rent,
435 3647 619 3725 coeperunt
643 3633 688 3705 de
710 3632 867 3705 Consule
889 3634 1094 3706 memoratis
1121 3636 1357 3729 lmpetialibut

297 3733 429 3809 litteris
454 3733 685 3823 calumniari,
718 3733 817 3822 quod
843 3733 913 3804 stne
931 3731 1087 3803 Consule
1114 3731 1273 3812 fuerant
1290 3737 1360 3810 reci·

297 3844 395 3907 tatae.
447 3833 543 3905 Hinc
563 3845 696 3904 exorto
720 3830 916 3920 conflictu,
944 3852 1024 3905 curn
1048 3831 1260 3911 Donatistae
1280 3837 1359 3910 invi·

298 3929 397 4000 diose
415 3931 601 4023 dicerent,
639 3928 848 4023 Episcopale
868 3928 1069 4004 Concilium
1096 3953 1183 4009 cum
1216 3937 1359 4011 Consule

295 4025 398 4105 fuisse
414 4029 619 4126 recitatum,
635 4031 668 4102 dr
683 4029 914 4128 imperatoris
929 4032 1065 4107 litteras
1077 4029 1284 4113 Consulem
1300 4050 1361 4110 not

1218 4137 1326 4213 lrabe-
