3200 4784
395 421 456 476 or
480 396 892 479 Donatistarum
911 392 1185 537 flasroaru,
1251 422 1332 521 ¹231

203 598 207 603 ·
254 560 455 657 ostensum,
469 565 517 636 in
536 554 701 660 gaudium
721 561 947 657 praesentium
962 560 1124 638 Fratrum
1139 560 1236 637 fideli
1255 564 1325 639 ser·
1360 586 1367 601 ·

253 686 365 744 mone
394 663 577 760 patefecit.
634 664 840 755 Videbam,
871 664 1011 757 inquit,
1044 666 1112 737 tria
1135 666 1211 737 haec
1235 666 1323 741 mihi

250 785 400 845 munera
417 764 465 859 de
480 764 622 836 aeternis
637 760 810 837 thesauris
823 761 971 837 Domini
985 765 1166 861 largientis
1181 766 1321 857 oblata,

250 888 298 941 ex
321 862 524 939 nitidiffimo
545 878 696 958 argento
716 865 889 957 poculum
909 862 1063 957 fadum,
1089 864 1342 939 &coronam‘

251 984 343 1039 auro
368 965 479 1036 rutilo
504 963 766 1058 refulgentem:
806 962 1129 1039 &sublimissimam
1151 967 1319 1057 palmam,

251 1084 330 1158 quae
348 1066 454 1158 plena
469 1064 593 1136 latitia
611 1064 901 1138 antcmdentium
917 1075 1104 1138 numerum
1114 1065 1325 1157 triumpho·
1390 1096 1393 1109 ·

250 1184 329 1239 rum
344 1166 520 1256 expleret.
572 1160 756 1259 Magnam,
770 1161 927 1257 Fratres,
946 1162 1103 1257 Martyr'i
1115 1163 1179 1237 suo
1194 1163 1324 1237 Domi·

248 1285 317 1339 nus
332 1265 549 1339 imminentis
564 1265 686 1358 gloriae
702 1261 868 1337 fiduciam
885 1263 1060 1357 praestitit,
1072 1274 1237 1361 magnam
1255 1284 1319 1335 ve·

248 1366 392 1437 ritatem
414 1362 544 1436 futura
564 1365 658 1437 circa
673 1362 787 1457 ipsum
811 1362 879 1457 suo
899 1362 1116 1461 dignationis
1139 1360 1321 1458 ertprellrt.¹

247 1462 382 1556 Neque
407 1463 501 1538 enim
526 1462 658 1555 aliquid
683 1461 756 1557 est,
792 1462 891 1556 quod
911 1465 1104 1537 obscurum
1123 1476 1186 1535 aut
1208 1462 1322 1537 ambi·
1403 1518 1406 1529 .

248 1584 356 1659 guum
373 1565 411 1637 in
427 1563 495 1635 hac
511 1563 738 1637 revelatione
753 1562 941 1655 uideatur,
967 1564 1005 1636 in
1019 1582 1089 1653 qua
1103 1562 1245 1656 accepit
1260 1582 1321 1635 ca·

248 1666 369 1756 licem,
384 1663 618 1756 quemtuerat
632 1665 668 1737 in
680 1662 836 1756 paffione
847 1664 1047 1751 bibiturusr
1064 1663 1100 1737 in
1114 1684 1186 1755 qua
1198 1660 1323 1735 sumsrt·

250 1782 456 1855 coronam,
491 1783 568 1853 quae
589 1764 622 1836 ei
645 1761 791 1858 peracto
814 1766 989 1855 martyrio
1012 1764 1241 1849 debebatur3
1277 1762 1318 1835 in

251 1880 322 1953 qua
346 1864 530 1937 meruit&
552 1866 723 1957 palmam,
757 1878 823 1957 per
842 1880 953 1956 quam
963 1860 1154 1961 vidioriam
1172 1862 1318 1956 sperans
1349 1867 1362 1943 .'

250 1960 339 2036 ellet
351 1961 421 2053 J'am
438 1963 484 2037 de
500 1960 947 2058 congrellionel’ecurus.'
1112 1973 1115 1979 ’
1312 2002 1316 2011 ·

228 2128 236 2137 ,
325 2060 409 2137 Post
421 2062 499 2135 hac
520 2060 669 2157 peradis
687 2084 732 2137 ex
748 2066 853 2139 mdre
868 2062 1182 2154 solemnitatum
1200 2060 1318 2135 adhuc

249 2162 368 2252 aliqua
388 2160 504 2236 notlis
525 2172 709 2237 mome'nta
728 2160 965 2267 supereffent,
997 2164 1119 2259 subito·
1135 2182 1217 2237 cum
1237 2160 1319 2233 Ma·
1391 2254 1394 2263 Ι

250 2262 335 2334 carii
362 2258 530 2336 feralibus
547 2263 640 2357 juliis
662 2266 814 2362 pervigil
835 2266 1003 2355 nequltia
1026 2257 1175 2337 nunt-ius
1197 2260 1318 2353 superi

248 2363 380 2455 venit,
421 2363 481 2455 qui
507 2363 745 2437 crudelillrm‘at
773 2365 902 2437 mortis
930 2361 1317 2437 manifestam'senten·

248 2462 333 2535 tiam
358 2460 522 2557 gestans,
554 2462 1004 2554 &innumeras-Martyris
1016 2463 1156 2557 -glotias
1178 2461 1212 2531 dt
1232 2470 1317 2531 exea

248 2562 420 2636 craodu'm
433 2561 704 2657 persecutorum
718 2560 1138 2635 facinusconsumma'ret.
1158 2544 1318 2631 Caicum

249 2661 381 2733 clausas
404 2662 520 2741 adhuc
542 2660 641 2733 fores
662 2656 850 2731 custodum
869 2678 955 2730 cura
975 2656 1178 2749 reserailet,
1205 2672 1316 2751 agno·¹

245 2759 446 2849 villetque,
464 2758 549 2847 quid
561 2760 643 2849 ejus
657 2759 729 2848 iam
740 2759 953 2831 'immaturus
968 2754 1167 2851 pertulillet
1181 2758 1316 2829 adven·

246 2871 331 2947 tus,
367 2857 547 2928 continuo
562 2860 609 2929 :in
633 2855 818 2948 'plandlr'rm
843 2874 970 2931 eorum
997 2854 1109 2929 corda
1125 2856 1314 2929 conversa

245 2955 340 3030 sunt.
393 2952 428 3026 0
448 2968 579 3047 quanta
597 2954 667 3045 fuit
689 2956 782 3030 illius
802 2954 871 3033 viri
887 2947 1149 3055 gratur-quim
1166 2974 1313 3053 genera·

243 3057 288 3129 lis
307 3057 403 3128 circa
426 3054 539 3152 ipsum
562 3078 661 3130 amor
682 3058 1202 3149 omniumthuameommune
1227 3054 1314 3129 deil-

245 3155 407 3249 derium,
440 3157 540 3229 utin
563 3156 719 3251 paffion'e
742 3156 820 3251 ejus
844 3156 888 3229 ad
909 3158 984 3251 pias
1006 3156 1182 3249 lacrymas
1204 3159 1311 3230 etiarn

244 3252 432 3330 custodum
460 3257 657 3331 immanitas
688 3256 908 3331 &militaris
937 3256 1066 3357 duritia·
1092 3256 1311 3330 flcilcretur.

243 3352 285 3426 ln
305 3374 379 3444 quo
398 3356 539 3447 quidem
555 3356 644 3430 fletu
663 3376 705 3429 ac
730 3355 1239 3450 perturbationecunitorum
1256 3352 1312 3425 so·

243 3454 299 3525 lus
314 3453 387 3547 ipse
402 3452 654 3549 perseverabat
670 3456 892 3549 intrepidus,
917 3458 977 3547 qui
993 3454 1311 3529 consummationis

244 3550 313 3623 suae
337 3554 462 3629 horam
488 3554 783 3650 adpropinqualle
810 3556 997 3651 gaudebat,
1056 3553 1189 3643 Neque
1214 3552 1310 3625 enim

243 3652 304 3722 vol
332 3656 570 3726 conturbatus
594 3653 833 3748 poterat-elle
852 3656 911 3728 vel
939 3652 1071 3743 tristis,
1104 3674 1208 3743 quem
1228 3670 1311 3747 gau-

242 3750 388 3826 dentem
408 3751 519 3844 fides,
540 3753 573 3825 &
593 3767 757 3846 pacatum
776 3753 915 3826 fecerat
931 3753 1052 3825 diuina
1069 3752 1260 3851 revelatio.

308 3852 385 3924 lllic
398 3868 485 3926 tunc
499 3874 590 3925 unus
605 3852 819 3946 exipsorum
833 3854 985 3926 militum
1000 3870 1152 3923 numero
1169 3852 1311 3923 teterri-

242 3970 321 4025 mus
340 3955 519 4045 carnifex,
547 3953 580 4026 dt
602 3955 658 4045 qui
677 3953 884 4025 timentibus
905 3950 1042 4023 caeteris
1061 3950 1104 4024 ad
1123 3948 1310 4042 perficien-

243 4050 323 4125 dam
339 4052 479 4130 illustris
496 4055 566 4131 viri
582 4068 737 4131 mortem
755 4050 852 4127 solus
867 4049 958 4129 ellel
975 4072 995 4127 a
1010 4050 1159 4129 diabolo
1178 4070 1315 4140 praua·

773 4152 801 4236 P
831 4178 858 4251 4
1166 4162 1301 4228 tultae,

553 4437 647 4460 μ
791 4436 924 4462 -ι-ἰ-ιιμ·
