3200 4784
1242 437 1392 540 tur¹

264 589 469 676 summam
488 584 619 673 aedem
643 591 824 694 perrexi,
854 587 1053 671 vetustate
1071 602 1118 675 'rc
1136 587 1248 674 mole
1263 589 1332 677 sua

262 702 425 790 summe
440 699 718 787 venerandam
734 701 778 785 &
796 699 1016 784 celebrem.
1115 757 1118 766 -

348 816 587 902 Citatiffimo
602 811 758 927 grellu,
785 812 897 928 quad
913 813 1010 897 nihil
1027 814 1143 926 quod
1157 814 1332 930 Magde·

259 930 391 1043 burgi
405 955 591 1041 agerem,
612 935 752 1040 potius
770 927 987 1030 haberem,
1011 929 1109 1012 illuc
1127 955 1331 1043 propero:

261 1041 364 1128 adeo
382 1071 451 1130 me
468 1041 636 1129 delellat
654 1041 824 1155 templa,
854 1039 1053 1144 bafilicas,
1084 1041 1243 1158 aliaque
1262 1071 1330 1130 ve·

263 1161 360 1243 teris
377 1160 454 1243 aevi
472 1179 744 1242 monumenta
759 1154 900 1241 visere.
960 1156 1178 1272 Singulere
1197 1182 1332 1245 tamen

263 1274 341 1372 est,
374 1267 492 1386 quod
516 1297 585 1356 me
609 1273 652 1354 in
676 1270 782 1354 hane
799 1267 1003 1353 Basrlicam
1025 1271 1136 1382 quasi
1153 1272 1333 1382 impulit.

264 1387 561 1497 Qtinquennis
591 1410 723 1482 eram,
761 1406 832 1468 aut
860 1384 1077 1500 paululum
1107 1382 1333 1469 adolescen-

264 1504 365 1601 tior,
395 1525 514 1601 cum,
533 1521 594 1583 *ut
615 1524 726 1582 eram
748 1497 910 1609 legendi
935 1497 1133 1607 cupiduS,
1166 1525 1242 1582 nec
1267 1498 1339 1584 alii

263 1611 540 1724 suppederent
562 1610 678 1714 libri,
717 1611 851 1696 nescio
875 1638 963 1724 quo
987 1615 1029 1695 in
1053 1610 1247 1721 speculo,
1286 1636 1335 1698 ut

264 1750 437 1828 vocant,
469 1724 781 1837 exemplorum,
814 1721 997 1832 fabulam
1017 1725 1095 1840 legi
1114 1726 1165 1810 de
1182 1725 1335 1814 Udone

264 1838 595 1950 Archiepiscopo
618 1838 719 1924 olim
743 1838 1109 2037 Magdeburffienfi:
1148 1845 1222 1954 qui
1247 1869 1338 1926 me«

266 1955 381 2036 nitus
396 1951 499 2059 saepe
515 1979 591 2060 per
605 1951 825 2052 insomnia,
856 1976 903 2036 ut
923 1980 967 2037 ce
1001 1979 1106 2053 aret,
1127 1981 1267 2066 ¹quem
1284 1955 1335 2042 sa·

265 2069 318 2149 tis
336 2063 408 2150 diu
423 2063 589 2167 lusisset,
605 2043 728 2169 ludo,
744 2129 795 2144 -
810 2065 955 2152 illicitis
969 2067 1184 2154 amoribus
1202 2069 1336 2156 indul·

266 2177 371 2265 serat
388 2240 440 2258 ..-
462 2208 540 2266 nec
563 2179 808 2292 resipuerit,
829 2181 990 2266 taudem
1013 2180 1135 2266 nodie
1154 2182 1336 2295 quadarn

265 2291 320 2376 ad
337 2293 544 2379 Divurum
565 2292 644 2378 suae
663 2293 849 2381 Ecclefiae
874 2296 1108 2379 tutelariuru
1133 2295 1337 2406 judicium

268 2432 442 2494 vocatus
465 2433 592 2521 atque
615 2410 837 2511 occultavi
863 2408 1011 2493 dubius
1029 2408 1199 2493 reddere
1219 2416 1337 2497 ratio·

270 2547 382 2613 nem,
402 2547 653 2633 poenamque
668 2522 765 2609 dare
779 2521 909 2632 jullus
926 2519 1065 2609 fuerit.
1104 2524 1256 2608 Sedent
1271 2552 1338 2607 ve·

271 2634 411 2734 rendi,
440 2634 729 2749 tremendique
744 2637 800 2720 illi
817 2635 974 2745 judices
992 2642 1034 2718 in
1054 2634 1222 2722 summae
1239 2637 1338 2722 aedis

271 2757 320 2833 eu
341 2753 476 2859 prima
499 2773 642 2860 parte,
682 2777 823 2860 quem-
843 2749 1019 2833 chorum
1047 2774 1221 2853 vocant,
1259 2752 1339 2838 suis
1382 2835 1384 2842 ,

271 2866 432 2974 quique
447 2866 490 2946 in
506 2862 795 2972 pulvinaribus
814 2861 925 2973 quad
943 2889 1020 2971 pro
1039 2861 1248 2950 tribunali:
1278 2894 1339 2968 tc·
1376 2921 1380 2934 ι

273 2974 434 3063 cusatur
450 3001 547 3061 reus
563 2974 925 3088 Archiepiseopus:
948 2982 1128 3061 unanimi
1145 2976 1339 3095 luffragio

276 3089 513 3175 damnatur:
546 3088 597 3174 ab
621 3088 707 3197 ipso
731 3091 839 3176 Divo
858 3091 1060 3176 Mauritio
1085 3119 1138 3177 ex
1162 3091 1257 3198 sacri
1281 3092 1340 3205 sy·

273 3204 404 3288 nedrii
425 3203 618 3289 sententia
635 3204 678 3288 dr
690 3202 800 3313 juffu
817 3208 946 3313 capite
962 3203 1178 3316 plublitur,
1209 3210 1252 3296 dr
1267 3206 1340 3318 ipsr

273 3345 511 3404 marmoreo
535 3321 795 3429 pavimento,
833 3319 905 3402 ubi
932 3320 1127 3429 tragoedia
1152 3322 1208 3404 est
1234 3320 1341 3422 abta,

275 3429 349 3516 suo
370 3430 562 3544 sanguine
587 3431 771 3545 fignum,
803 3457 893 3544 quo
920 3432 1097 3532 testatior
1119 3432 1164 3516 fit
1185 3439 1243 3517 rei
1259 3462 1346 3519 me.

273 3550 427 3647 muria,
458 3548 656 3653 imprimit
672 3573 748 3629 nec
764 3544 887 3630 hodie
905 3542 1099 3633 deletum.

307 3655 313 3660 ’
363 3664 480 3769 Saepe
495 3662 666 3743 miratus
683 3659 792 3760 sum,
822 3685 891 3743 me
908 3683 991 3743 tam
1006 3656 1087 3743 levi
1102 3654 1242 3743 fabula
1260 3682 1343 3747 tun·

277 3796 425 3882 rupere
449 3768 570 3858 fuille
594 3768 788 3857 affeblum
808 3773 851 3859 dr
876 3770 1147 3873 deledlatum,
1179 3800 1226 3858 ut
1251 3774 1343 3884 ejus

277 3890 527 3996 memoriam
553 3886 644 3996 post
670 3884 789 3993 plura
817 3886 961 3982 lustra,
999 3885 1080 3994 jam
1102 3890 1167 3973 vir
1194 3884 1343 3991 fastus,

280 3998 460 4103 servem,
478 4002 618 4088 lo'cum
637 4000 760 4103 adeo,
782 3999 886 4203 (ubi,
917 3997 1097 4112 librique
1116 4029 1167 4087 ex
1189 4028 1275 4113 quo
1291 4003 1344 4087 le·

842 4138 861 4227 5
1105 4167 1119 4206 -,
1157 4140 1319 4228 gerum
