3200 4784
592 385 741 482 368
1104 373 1763 452 Mommsen-ra
1807 375 2220 460 Vastan

606 541 871 618 diutius
910 538 1465 628 immorandum,
1516 536 1872 632 superest,
1925 553 2008 614 ut
2041 541 2116 614 in
2149 537 2544 642 eieffione
2577 535 2722 616 satis
2813 541 2831 622 1

604 641 886 718 faciatis
930 637 1327 710 coelestibus
1370 635 1796 712 constitutis.
2763 661 2770 678 ·
2818 670 2831 716 ι

610 799 617 816 ,
767 741 880 812 26.
938 727 1271 809 Emeritus
1312 735 1644 831 Epifiopus
1679 740 1883 806 dixit.-
1942 735 2200 812 Forma
2238 738 2616 832 Praecepti
2657 753 2726 814 ta-
2813 768 2831 818 ε

608 841 697 915 lis
730 835 871 926 est,
908 851 991 908 ut
1022 838 1207 908 intra
1239 855 1549 925 quatuor
1576 836 1850 909 menses
1873 838 2182 916 dicatur.
2246 839 2324 910 Si
2367 840 2726 914 secundum
2818 867 2831 912 ι

606 941 799 1016 hanc
848 935 1151 1010 formam
1200 935 1640 1008 sublimitatis
1698 950 1838 1009 tuae
1891 937 2190 1010 editium
2243 938 2358 1010 est
2411 941 2726 1012 constitu·
2825 971 2830 998 ε

608 1053 805 1128 tum,
858 1033 1205 1128 superest,
1262 1049 1343 1104 ut
1378 1033 1797 1131 suggerente
1843 1033 2084 1106 officio
2121 1041 2191 1110 in
2227 1039 2568 1112 medium
2605 1059 2726 1110 cau-

608 1137 681 1214 sa
730 1138 1072 1210 mittatur.
1142 1135 1238 1204 Et
1287 1137 1417 1205 alia
1465 1161 1684 1206 manu.
1766 1133 2124 1208 Emeritos
2177 1133 2608 1232 Episcopus
2655 1159 2727 1210 re·

612 1259 708 1312 co
762 1257 965 1311 novn

624 1413 631 1420 ¹
714 1260 883 1428 g27.
944 1335 1369 1404 MarceBinus
1400 1337 1516 1404 vir
1545 1327 1924 1423 clariffimus
1961 1327 2288 1406 Tribunus
2311 1335 2404 1411 ὅ
2433 1340 2730 1409 IVotarius

613 1439 826 1510 dixit.-
872 1431 1206 1506 Officium
1244 1435 1327 1506 ad
1352 1434 1634 1523 quaessta
1669 1431 2118 1524 respondeat.
2175 1440 2518 1530 Nampius
2545 1437 2734 1508 Scribo

612 1541 826 1610 dixit.-
890 1535 1293 1606 Secundum
1340 1534 1522 1606 diem
1569 1532 1774 1604 ediffi
1817 1535 2210 1606 nobilitatis
2256 1551 2408 1606 tuae
2465 1555 2737 1629 quartus

613 1635 865 1717 meniis
907 1629 1283 1708 conclusus
1320 1630 1465 1721 est,
1519 1632 1634 1704 die
1671 1653 1824 1706 xlv,
1857 1631 2014 1704 Kal.
2053 1631 2464 1726 Juniarum.
2515 1656 2521 1662 ·

773 1742 883 1812 28.
938 1728 1355 1804 MarceHinus
1390 1739 1501 1799 vir
1528 1727 1904 1821 clarissimus
1951 1733 2276 1802 ‘Tribunus
2313 1732 2400 1807 Θ·
2435 1739 2742 1808 thart'ut

616 1836 826 1906 dixit.-
869 1828 1049 1904 Cum
1082 1847 1316 1923 partes
1352 1829 1848 1928 Carthaginem
1883 1847 2197 1922 utraeque
2226 1833 2660 1924 veniffent‚
2693 1839 2746 1908 in

612 1933 812 2008 hunc
844 1953 958 2004 eas
994 1931 1179 2002 diem
1211 1929 1628 2002 consenfiss'e
1661 1951 1813 2004 non
1849 1931 2138 2003 dubium
2170 1931 2290 2007 est.
2383 1933 2747 2026 Siquidem

613 2035 809 2108 nulla
846 2029 1049 2120 super
1084 2030 1214 2100 hac
1260 2047 1464 2120 parte
1512 2029 1841 2103 videatur
1892 2047 2015 2102 aut
2062 2032 2312 2104 dilatio
2355 2033 2748 2127 postulata,

618 2147 744 2205 aut
772 2132 1113 2222 judicium
1146 2128 1559 2224 flagitatum.

773 2252 884 2323 29.
946 2231 1300 2300 Petilianus
1338 2229 1666 2322 Episcopus
1691 2227 1897 2314 dixit:
1952 2225 2116 2300 NOS
2152 2228 2236 2301 ad
2271 2228 2474 2304 hinc
2507 2236 2750 2306 urbem

614 2345 743 2404 xv,
790 2329 950 2403 Kal.
1020 2327 1134 2399 die
1195 2326 1559 2422 Juniarum
1617 2325 1941 2416 venisse,
2040 2329 2105 2399 ἀ
2159 2332 2466 2403 notoria
2522 2331 2752 2406 nostra

615 2428 1090 2523 fignavimuS‚
1143 2427 1209 2499 &
1256 2447 1541 2500 omnem
1592 2447 1744 2500 non
1801 2426 1966 2498 dico
2005 2425 2572 2524 Carthaginem,
2643 2428 2749 2504 sed

616 2527 939 2600 Africam
977 2525 1275 2599 fecimus
1312 2526 1600 2600 testem:
1673 2527 1789 2616 qui
1833 2524 1878 2597 fi
1926 2546 2078 2598 non
2122 2525 2562 2620 adessemus,
2605 2533 2747 2622 jam

614 2647 780 2720 pars
818 2624 1109 2698 adversa
1140 2627 1281 2698 fine
1318 2627 1537 2698 dubio
1576 2625 1971 2722 flagitaret,
2027 2629 2095 2699 in
2140 2642 2612 2700 contumaces
2647 2629 2752 2699 di·
2821 2667 2825 2674 ·

586 2727 915 2818 ‚cendam
945 2725 1083 2797 esse
1118 2724 1531 2798 sententiam
1554 2780 1578 2814 ‚
1634 2741 2058 2815 tempusque
2081 2727 2223 2815 jam
2257 2723 2468 2800 fuiss'e
2499 2723 2749 2800 defini·
2815 2817 2824 2818 f
