3200 4784
452 471 457 478 ¹
607 353 753 469 {64
1113 368 1760 450 Memmium-A
1819 343 2220 450 Vna-nna

607 532 1044 624 Caeciiianm
1076 531 1295 624 quod
1328 530 1618 606 codices
1645 534 1892 625 accepi
1917 531 2275 649 pretiosos
2306 531 2609 610 deificos
2639 549 2752 614 XL·

607 640 917 731 quiaque
954 651 1071 716 me
1118 632 1774 724 nunc‘convenit‚
1830 646 1914 706 ut
1955 635 2119 718 illos
2166 633 2570 725 restituam,
2622 636 2748 711 dic

610 735 811 828 quod
857 753 1049 808 anno
1094 729 1535 828 magistratus
1575 732 1683 804 tui
1727 752 1858 806 eos
1895 729 2270 820 exusseris,
2322 755 2416 807 ne
2436 736 2746 811 reddam

606 837 803 910 illos.
826 833 885 875 “
973 833 1138 929 Qua
1169 830 1259 903 de
1291 851 1369 902 re
1399 832 1611 925 igitur
1643 831 1731 902 de
1759 830 2093 928 Ingentio
2125 834 2579 923 quaerendum
2612 834 2749 929 est,

611 945 966 1027 quatenus
1008 932 1163 1006 haec
1200 930 1608 1006 machinata
1650 928 1786 1003 smt
1831 951 1916 1002 ac
1961 930 2345 1024 fabricata,
2401 933 2465 1005 δι
2499 949 2748 1025 quate·

611 1054 752 1111 nus
800 1032 1125 1104 voluerit
1178 1027 1760 1102 circumscribere
1803 1029 2278 1123 magistratum
2332 1032 2417 1105 ad
2464 1033 2752 1107 menda-

614 1135 853 1212 cium,
915 1142 1002 1203 ut
1043 1128 1359 1218 Relicem
1411 1126 1815 1223 aspergeret
1865 1128 2198 1218 infamia:
2235 1125 2240 1130 ’
2276 1130 2467 1206 dicat
2509 1154 2549 1205 a
2594 1153 2747 1224 quo

611 1229 851 1309 missus
886 1230 1018 1321 fit,
1080 1248 1336 1302 verum
1378 1242 1617 1301 tamen
1665 1226 2182 1302 simulationem
2221 1227 2415 1304 istam
2457 1234 2528 1303 in
2569 1252 2752 1306 con-

612 1330 979 1406 scientiam
1014 1324 1076 1399 F
1078 1328 1273 1400 elicis
1297 1380 1324 1419 ‚
1376 1347 1523 1419 quo
1564 1324 1920 1401 Caeciliani
1958 1328 2221 1418 pudori
2266 1330 2334 1402 δι
2371 1331 2582 1405 initio
2622 1331 2748 1404 dc-

613 1441 1033 1632 {354253‘11‘1‘2111
1042 1423 2770 1622 iffgsszzmnaiffu2²¹s3¹e2203555r21222¹5ess¹³3m235

615 1627 846 1704 stante
879 1625 1212 1720 Ingentio
1249 1622 1572 1696 AElianus
1612 1622 2006 1698 Proconsul
2032 1625 2250 1700 dixit:
2318 1624 2536 1721 Cujus
2569 1648 2750 1721 prae-

616 1739 844 1819 cepto
878 1744 965 1799 ea
991 1719 1338 1818 suscepisti
1378 1723 1687 1821 agenda,
1740 1745 1892 1816 quae
1919 1725 2050 1798 tibi
2083 1726 2577 1816 objiciuntur?
2629 1726 2749 1800 In-

615 1826 898 1922 gentius
924 1823 1137 1898 dixit:
1204 1818 1408 1896 Ubi?
1475 1821 1802 1901 AElianus
1831 1822 2231 1898 Proconsul
2265 1825 2475 1900 dixit:
2539 1828 2753 1922 Quos

613 1927 808 2000 niam
849 1921 1056 2019 fingis
1102 1937 1178 1996 te
1213 1942 1366 1997 non
1409 1924 1812 2019 intelligere
1852 1923 2049 2015 quod
2083 1925 2592 2023 interrogaris,
2641 1926 2750 1999 di-

619 2043 779 2100 cam
813 2023 1159 2118 apertius:
1220 2022 1374 2113 quis
1410 2035 1485 2095 te
1517 2022 1604 2095 ad
1637 2022 2110 2119 magistratum
2135 2023 2585 2100 Caecilianum
2619 2025 2750 2099 mi-

614 2122 755 2224 sit?
806 2122 1171 2219 ingentius
1210 2119 1426 2210 dixit:
1478 2119 1724 2195 Nemo
1757 2143 1873 2196 me
1913 2121 2115 2197 misst.
2215 2121 2538 2196 AElianus
2567 2121 2747 2198 Pro·

619 2221 870 2306 consul
901 2221 1116 2294 dixit:
1185 2220 1589 2318 Quomodo
1630 2241 1807 2316 ergo
1852 2220 2102 2296 venisti
2137 2221 2226 2296 ad
2263 2211 2744 2318 magistratum

616 2318 1126 2396 Caecilianum?
1190 2318 1556 2414 Ingentius
1602 2321 1832 2394 dixit:
1898 2319 2077 2395 Cum
2131 2321 2598 2414 venissemus,
2670 2320 2746 2394 ὄτ.

617 2434 948 2518 ageretur
987 2415 1191 2512 causa
1221 2419 1458 2492 Mauri
1492 2422 1578 2492 ab
1612 2419 1831 2510 Utica
1860 2417 2244 2517 Episcopi,
2298 2423 2414 2514 qui
2451 2418 2748 2515 Episco-

617 2536 867 2617 patum
918 2519 1042 2593 fibi
1082 2517 1439 2611 redemit,
1503 2519 1591 2592 ad
1638 2521 1891 2596 urbem
1936 2517 2248 2595 ascendit
2293 2522 2752 2594 Autumnita·

616 2640 757 2694 nux
804 2616 1200 2712 Episcopus
1249 2614 1492 2710 Felix,
1543 2633 1630 2693 ut
1669 2618 2043 2713 memet,
2096 2621 2164 2694 &
2207 2619 2428 2693 dixit:
2496 2618 2747 2696 Nemo

620 2719 1148 2811 communicet,
1200 2718 1360 2807 quia
1396 2715 1636 2791 falsum
1681 2719 1965 2795 admisu:⁴
2007 2717 2016 2722 '
2073 2717 2169 2791 Et
2201 2720 2345 2791 dixi
2381 2721 2481 2791 illi
2521 2738 2657 2815 ego
2701 2743 2745 2791 e
