3200 4784
542 397 687 468 154
1048 367 1703 449 Mortuum-ra
1753 371 2160 446 verena

540 533 973 608 Christianus
1018 526 1187 604 sum.
1284 525 1475 600 Mox
1510 527 1581 601 in
1625 549 1984 618 carcerem
2017 533 2242 624 recipi
2279 533 2486 606 etiam
2519 535 2662 628 ipse

528 637 873 728 jubetur3
938 629 1357 723 ingentique
1399 647 1559 700 cum
1592 630 1855 724 gaudio
1892 653 2046 704 vox
2087 633 2436 706 Hilariani
2471 636 2657 708 audi·

533 749 655 806 tur
708 731 1007 803 dicentis
1040 752 1059 800 ι
1128 726 1296 798 Deo
1346 729 1626 820 gratias,
1745 729 1886 800 Hic
1953 733 2364 806 certaminis
2433 739 2649 830 magni

532 854 770 926 pugna
808 825 1223 922 perficitur,
1290 825 1406 896 hic
1440 826 1766 898 diabolus
1809 827 2176 919 superatur
2207 830 2274 902 δι
2309 833 2643 925 vincitur,

532 933 651 1002 hic
686 930 1047 1018 Martyres
1086 923 1335 996 Christi
1370 925 1459 998 de
1490 923 1814 1016 paffionis
1847 927 2105 1002 futurae
2141 933 2373 1028 gloria
2403 947 2654 1008 aeterna

535 1027 1163 1126 congratulatione
1198 1026 1548 1100 laetantur.
2721 1041 2726 1046 ·

1558 1232 1630 1302 C.

819 1389 1405 1479 APPENDIX
1445 1387 1608 1475 AD
1643 1389 1963 1476 HAEC
1996 1393 2364 1480 ACTA:

526 1562 1359 1646 ACCUSATIO
1460 1561 2651 1647 DONATISTARUM

748 1705 847 1762 IN
890 1701 1493 1762 MENSURIUM
1549 1705 1674 1765 ET
1716 1703 2432 1771 εΑΕειωΛΜυΜ

642 1844 713 1905 de
767 1866 881 1925 qua
938 1846 1189 1928 Optatus
1245 1848 1374 1914 Lib.
1432 1848 1479 1909 Ῑ.
1545 1852 1640 1927 §§.
1706 1869 1800 1929 19.
1860 1871 1963 1915 20.
2032 1871 2198 1936 pagg.
2270 1875 2364 1933 13.
2427 1873 2524 1933 ¹4·

528 2015 640 2087 16.
771 2016 1057 2091 ⁷crum,
1113 2011 1447 2096 quoniam
1478 2027 1656 2096 ηοε,
1712 2027 1793 2081 ut
1826 2013 2024 2100 supra
2055 2015 2401 2109 diximus,
2437 2016 2647 2093 schis-

872 2110 1073 2177 matis
1113 2122 1389 2192 tempus
1427 2106 1844 2196 admonuit,
1899 2107 2459 2185 confessionibus
2499 2134 2646 2192 tan·

519 2210 610 2279 tis
645 2228 725 2278 ac
747 2206 1002 2278 talibus
1024 2202 1427 2292 Martyrum
1463 2202 1754 2275 decreta
1789 2205 2257 2296 conjungere,
2301 2214 2645 2288 constitu-

517 2312 902 2395 tionesque
944 2299 1370 2374 sanfflffimas
1416 2303 1806 2376 amicorum
1845 2301 1981 2374 Dei
2021 2301 2225 2396 gestis
2267 2302 2643 2398 superiori.

514 2408 649 2478 bus
692 2420 1064 2494 catenare,
1115 2397 1506 2474 neceffario
1545 2404 1865 2476 breviter
1914 2400 2204 2495 cuncta,
2262 2427 2413 2493 quae
2446 2407 2639 2480 Mar-

513 2518 712 2600 tyres
744 2509 811 2577 in
847 2501 1136 2576 carcere
1162 2524 1252 2573 ex
1282 2497 1706 2575 auctoritate
1733 2504 1906 2600 legis
1938 2504 2198 2574 divinae
2227 2501 2635 2600 sanxerunt,

510 2602 1009 2696 servandaque
1050 2599 1352 2696 posteris
1410 2604 1860 2695 reliquerunt
1892 2652 1918 2685 ,
1989 2601 2362 2676 discurram
2400 2658 2425 2696 ‚
2496 2628 2633 2677 nec

508 2704 868 2794 lapsorum
910 2703 1341 2794 superbiam,
1395 2716 1609 2794 atque
1649 2704 2013 2776 audaciam
2049 2701 2511 2777 Traditorum
2560 2707 2632 2777 in
