3200 4784
392 429 889 522 no‘Donarrsaandu
913 423 1217 508 Hrsronra'nr.
1268 452 1339 532 243

334 596 528 693 *Vigilsbat
550 614 639 689 ergo
661 591 816 667 devotio
840 593 900 665 illa
919 593 991 685 jam
1018 591 1205 666 conamina
1228 593 1344 667 virtu·
1420 607 1422 614 '

267 701 316 774 tis
343 717 542 785 exercens,
580 695 614 766 dt
640 692 818 767 ministros
844 695 1016 784 nequitiae
1037 711 1116 766 cum
1131 685 1342 783 jussionibus

267 799 378 894 Regis
410 795 631 868 constantius
663 794 862 883 repellebat
894 791 1060 864 audacius
1088 806 1342 887 repugnantes.

268 902 386 994 Quos·
399 915 481 968 cum
501 894 673 966 diuturno
692 892 887 980 certamine
903 890 1099 983 superaret,
1122 890 1233 985 ipsum
1251 912 1344 983 quo-

271 1018 343 1089 que
359 996 617 1088 Imperatorem
632 989 789 1082 respexit
801 989 919 1062 subito
935 992 1163 1064 venientem:
1185 992 1243 1082 qui
1258 1013 1344 1088 cnm
1360 1077 1362 1082 λ
1378 1035 1383 1048 -

272 1097 318 1169 ad
338 1093 587 1190 complendam
600 1089 787 1183 juffionem
806 1092 850 1162 ab
874 1091 1004 1164 eodem
1028 1105 1242 1184 cogeretur,
1268 1089 1344 1164 for·

272 1196 348 1269 tior
363 1192 543 1278 refut'abet
559 1189 734 1285 sacrilegae
747 1183 906 1280 juffionis
923 1190 1130 1283 imperium,
1159 1189 1344 1264 &minan-

273 1298 321 1368 tis
342 1293 434 1367 seur
457 1291 637 1384 supplicia.
689 1286 766 1379 Ipse
788 1309 935 1379 quoque
957 1287 1161 1366 oculum-se
1180 1290 1230 1362 iili
1251 1291 1343 1381 pari-

272 1410 330 1469 ter
354 1402 538 1468 eruturum
558 1389 740 1480 frequenti
762 1389 1044 1462 comminatione
1070 1389 1237 1462 terribilis
1259 1409 1344 1481 pro·

270 1493 452 1576 mittebat.
512 1489 602 1563 Cum
637 1490 691 1561 his
726 1488 786 1560 diu
818 1489 1079 1570 certationibus
1111 1489 1205 1560 inter
1231 1485 1368 1568 semet

271 1592 369 1687 ipsos
392 1590 549 1664 ferocius
573 1590 804 1678 dimicarent,
839 1608 912 1660 non
935 1586 1048 1682 pasius
1064 1585 1122 1660 est
1147 1601 1284 1661 tantum
1308 1587 1344 1680 se

273 1690 412 1766 differri
433 1689 638 1761 nidorem:
671 1687 731 1760 sed
754 1686 879 1777 injecta
903 1685 1049 1761 fortiter
1072 1691 1180 1760 meriu
1204 1707 1345 1786 moram

262 1790 342 1865 -suae
366 1787 655 1862 comminationis
674 1788 833 1877 inrupit,
860 1785 893 1884 dr
914 1789 1059 1860 oculum
1078 1786 1261 1876 violenter
1281 1787 1344 1859 eli·
1389 1833 1394 1838 -

275 1891 398 1981 ciens,
424 1886 571 1958 viduata
588 1886 702 1977 facie,
733 1883 850 1959 sedem
869 1887 1009 1987 luminis
1025 1889 1234 1974 ,evacuavit
1284 1886 1344 1960 De

276 1989 377 2078 eujus
400 1984 551 2059 vidioria
571 1985 737 2077 protinus
756 1986 903 2075 juvenis
926 1988 1022 2058 mirae
1044 1983 1264 2074 claritudinis
1290 1988 1343 2059 vi-

247 2157 250 2162 .
274 2086 332 2161 sus
349 2083 401 2159 est
414 2083 657 2178 triumphare,
683 2083 718 2157 dc
738 2105 913 2158 coronam
933 2084 1080 2160 subinde
1097 2085 1268 2166 radiatam
1285 2105 1344 2159 ca·

275 2186 343 2282 piti
363 2186 439 2276 eius
458 2186 665 2278 imponere:
702 2185 829 2280 quibus
850 2185 955 2258 radiis
980 2187 1102 2260 multae
1124 2184 1273 2260 fratrum
1292 2198 1345 2260 at·
1363 2184 1385 2255 ’1
1418 2205 1421 2226 ¹

278 2307 349 2375 que
381 2281 544 2358 sororum
568 2282 679 2358 facies
704 2284 781 2376 ejus
808 2284 1024 2358 videbantur
1049 2281 1196 2378 infixe,
1237 2305 1345 2382 quarp

279 2405 367 2474 oum¹
379 2386 429 2456 illi
449 2403 517 2476 pro
536 2384 688 2475 proemio
708 2383 868 2472 traderet
887 2385 1066 2480 gaudens,
1096 2383 1345 2484 ¹adversarium

279 2481 425 2575 quodue
443 2484 577 2578 magnis
594 2485 937 2576 exprobrationibus
952 2481 1157 2556 ludificabat
1174 2481 1344 2559 inridens.

278 2579 388 2658 Tunc
408 2580 520 2670 hostis
542 2583 750 2656 vehementi
775 2586 906 2686 dolore
930 2580 1132 2674 compulsus
1151 2581 1244 2674 justit
1262 2603 1346 2664 eum
1403 2582 1405 2588 '

279 2684 396 2777 poenis
414 2679 641 2754 sevientibus
655 2681 802 2767 ¹laniari,
829 2693 870 2751 ut
887 2681 980 2771 quasi
997 2702 1138 2776 poenam
1155 2680 1248 2755 suam
1266 2680 1345 2774 pos

279 2779 336 2854 set
356 2776 486 2851 ulcisci.
548 2778 618 2850 Sed
643 2779 703 2850 ille
720 2778 790 2867 jam
818 2777 935 2852 vidior
961 2782 1131 2866 cernebat
1153 2778 1188 2853 se
1211 2780 1348 2877 gestan·

235 2944 243 2962 χ
281 2881 371 2952 tium
389 2876 551 2949 manibus
567 2876 610 2950 ad
630 2873 812 2967 superiora
827 2875 993 2972 subduci,
1029 2880 1265 2966 &volantem
1288 2901 1347 2956 ce·
1411 2911 1413 2916 ·

280 2978 391 3052 letius
402 2978 455 3048 ‘ad
474 2978 646 3050 coelorum
662 2974 819 3060 sublimia
832 2975 1028 3053 sublevari:
1056 2999 1129 3073 quo
1146 3000 1227 3053 cum
1242 2982 1344 3058 letus

282 3076 514 3167 ascenderet,
541 3072 630 3148 senis
644 3076 825 3168 cujusdam
841 3078 1077 3155 vociferantis
1094 3079 1261 3156 audiebat
1278 3101 1347 3153 vo·

281 3172 525 3266 cem'desuper
540 3175 738 3250 dicentem:
764 3175 831 3250 Vae
845 3173 1099 3274 tibi‘seculum,
1118 3181 1199 3272 quia
1213 3177 1346 3274 peristi.

279 3275 370 3349 Hoc
384 3276 540 3352 clamore
553 3288 609 3350 ter
624 3278 778 3366 iterato,
798 3277 945 3351 visionis
960 3280 1187 3372 pervenitad
1199 3293 1346 3376 metam,

274 3374 320 3471 ⁸&
334 3376 481 3447 iteravit
496 3371 724 3468 postmodum
739 3374 908 3477 faciendo
926 3379 1026 3468 quod
1042 3380 1214 3454 viderat..

360 3472 458 3571 Quid
474 3472 579 3567 igitur
595 3475 661 3550 hac
677 3475 815 3549 visione
832 3475 1076 3558 manifestius?
1098 3478 1196 3576 Quid
1214 3477 1270 3573 egi
1283 3497 1350 3570 per

284 3571 379 3648 diem
402 3571 519 3663 posset
543 3572 765 3666 expressius,
799 3576 944 3664 quando
967 3577 1004 3649 in
1033 3575 1166 3663 astibus
1193 3575 1347 3674 digestus
1364 3631 1389 3672 ,

281 3670 339 3750 est
356 3668 479 3770 visus?
505 3671 616 3746 Nunc
634 3672 851 3769 oppugnasse
866 3671 899 3748 se
915 3688 1044 3750 contra
1058 3673 1235 3750 ministros
1253 3677 1349 3774 regis

283 3770 335 3844 fic
359 3768 524 3844 innotis
549 3772 609 3846 irbi
630 3772 694 3846 soli
716 3771 931 3866 conspexit,
959 3775 1047 3849 sicut
1073 3796 1138 3868 per
1164 3777 1255 3850 diem
1281 3795 1349 3852 no·

283 3869 343 3943 bis
360 3869 591 3966 postmodum
616 3872 897 3952 demonstrauit:
931 3873 977 3947 sic
997 3877 1116 3950 lumen
1137 3875 1351 3970 imperatori

286 3967 439 4054 eruisse,
458 3969 604 4045 siceum
626 3971 781 4047 habebat
794 3974 983 4064 ¹vincendo
1001 3973 1164 4068 caecaffe,
1189 3975 1236 4050 fic
1257 3996 1351 4070 proe·

260 4069 358 4175 ,suis
374 4068 775 4176 corporesortitussst,
796 4068 890 4273 ῦὸδι
905 4073 1049 4177 publice
1065 4072 1348 4246 coronatusssem

434 4215 437 4220 Δ
880 4194 902 4247 2
1281 4191 1312 4243 ἢ
1357 4205 1364 4224 t
