3200 4784
223 500 226 519 2
291 433 807 561 Ιηηῐὶοηητιοτηιωηο
830 427 1092 516 Ηηηὸηῐη.
1153 378 1234 537 Ι’333

221 622 241 698 9
266 597 535 689 interlocutio,
561 596 719 672 clanrill'e
736 598 782 673 de
799 600 929 697 gestis,
951 590 1032 673 lieri
1055 612 1144 675 ωηο
1166 626 1233 698 po·

293 698 630 774 tuilleConcilium.
742 748 744 753 -

221 827 241 877 o
264 796 479 873 Prosecutio
502 796 798 890 catholicorum
821 812 900 890 'qua
923 798 1128 874 tacentibus
1153 799 1234 876 Do·

292 897 428 974 natillis
439 898 636 990 judicatum
649 896 875 971 Constantini
889 896 991 992 super
1005 898 1234 979 absolutione

292 998 471 1071 Caeeiliani
488 996 651 1069 offerunt
667 996 905 1072 recitandum.

224 1121 240 1174 1
267 1097 479 1172 Prosecutio
496 1094 785 1177 Donatistarum,
812 1116 881 1187 qua
902 1095 1132 1172 contendunt
1153 1095 1234 1174 lieri

293 1212 382 1270 tunc
397 1217 473 1268 non
489 1195 642 1288 potuille
658 1192 883 1287 Concilium,
902 1196 1084 1271 &debere
1097 1195 1235 1274 Catho-

291 1300 383 1369 licoa
401 1296 559 1386 ejusdem
575 1294 714 1368 decreti
730 1290 954 1391 dispendium
967 1294 1146 1373 sustinere.
1232 1348 1237 1378 .

221 1421 239 1472 a
264 1396 507 1472 Interlocutio
530 1409 618 1468 tunc
636 1394 681 1469 de
698 1392 768 1478 isto
788 1394 940 1469 decreto
958 1395 1097 1469 enixius
1117 1397 1233 1489 inqul-

288 1495 440 1570 rendum
457 1492 575 1574 tuille,
600 1494 676 1568 srin
694 1494 768 1567 hoc
786 1493 966 1567 Caeciliani
983 1493 1162 1570 absolutio
1179 1510 1234 1570 te·

292 1608 462 1685 neretur,
489 1612 586 1667 nunc
601 1593 811 1667 Donatistae
826 1606 953 1669 contra
963 1594 1136 1687 judicium
1148 1596 1232 1669 Mil·

294 1695 398 1767 tiadis
418 1695 512 1765 aliud
529 1706 704 1809 oportere
717 1694 778 1765 vel
798 1694 937 1786 dicere,
968 1695 1035 1769 vel·
1046 1694 1228 1792 proferre,

289 1813 362 1885 quo
382 1792 558 1866 Caecilianr
575 1791 754 1866 absolutio
775 1792 1007 1869 destruatur.·'
1071 1833 1075 1839 ·
1118 1828 1124 1847 ι
1163 1808 1196 1865 ·.

221 1917 239 1988 3
265 1893 480 1966 Prosecutio
504 1891 799 1983 Donatistarum,
842 1912 911 1983 qua
932 1892 1154 1985 promittunt
1175 1915 1232 1969 re-

292 1992 482 2086 sponsuros
513 1992 548 2065 se
578 1990 647 2065 elle
679 2007 811 2065 contre
836 1992 1008 2085 judicium
1035 1992 1230 2071 Miltiadis:

291 2090 397 2166 fidem
416 2106 536 2164 tarnen
553 2092 647 2165 illiue
660 2090 905 2182 inquirendam
921 2092 992 2167 elle
1006 2090 1154 2169 decreti.
1221 2146 1224 2152 -

221 2220 241 2285 4
265 2192 505 2266 interlocutio
517 2192 662 2287 exigens
679 2192 833 2267 intimari
850 2192 982 2284 aliquid
996 2206 1126 2265 contra
1139 2193 1233 2287 judi·

290 2294 383 2365 cium
404 2292 623 2362 Miltiadis&
637 2291 813 2386 judicans,
828 2294 866 2365 in
883 2290 1137 2387 persecutione
1151 2289 1232 2366 fieri

289 2390 444 2485 potuiffe
461 2391 676 2465 Concilium.
917 2440 921 2447 -
1212 2450 1215 2455 .

221 2510 238 2581 ς
266 2491 539 2565 catholicorum
551 2488 778 2585 prosecutio,
794 2486 1021 2561 necellariarn
1036 2486 1137 2563 fuille
1150 2508 1233 2564 cau·
1265 2558 1271 2577 ,

293 2593 383 2681 sam,
409 2610 472 2663 cur
492 2603 581 2662 tunc
602 2600 907 2684 congregarentur
925 2586 1106 2681 Episcopi.

221 2696 238 2764 5
262 2691 503 2765 interlocutio
519 2691 681 2780 exigens,
697 2702 825 2759 contra
839 2685 1019 2761 Caeciliani
1036 2686 1231 2763 absolutio·

287 2809 369 2861 nem
389 2812 408 2859 a
426 2789 623 2862 Donatistis
642 2788 771 2879 aliquid
786 2782 1006 2877 responderi.

221 2910 237 2981 7
265 2887 475 2960 Prosecutio
487 2888 769 2977 Donatistarum,
788 2886 953 2975 quamvis
967 2884 1128 2960 colleilae
1141 2897 1232 2969 tunc

291 2986 391 3061 faclae
407 2987 622 3079 implebis,
648 3000 767 3061 tamen
783 2982 1045 3081 Episcoporurn
1060 2986 1231 3059 contrahi

292 3101 380 3159 tunc
397 3107 472 3159 non
491 3086 644 3179 potuiffe
659 3085 875 3159 Concilium.

221 3195 236 3266 Β
262 3183 502 3270 Interlocutio
526 3188 671 3283 exigens
700 3183 926 3280 Donatistae,
952 3188 1074 3282 legere
1099 3179 1232 3278 aliquid
1303 3224 1310 3232 ··

287 3301 413 3359 contra
428 3287 599 3378 judicium
615 3286 800 3360 Miltiadis.

221 3408 235 3475 a
262 3384 475 3457 Prosecutio
497 3383 786 3476 Donatistarum,
812 3403 888 3456 non
908 3381 1064 3478 potuiffe
1081 3377 1231 3472 Episco-

290 3505 359 3577 pos
384 3483 465 3554 suos
492 3485 530 3556 in
554 3505 601 3556 eo
625 3485 773 3557 crimine
796 3485 947 3558 alterum
972 3482 1230 3572 condemnare,

285 3586 309 3656 sr
329 3606 376 3656 eo
396 3582 456 3672 ipsr
475 3597 685 3657 tenerentur
707 3583 872 3656 obnoxii.

221 3707 235 3755 a
261 3682 534 3854 Catholicorum
554 3684 598 3755 de
619 3678 1015 3779 scripturis‘domlnicis
1037 3677 1080 3751 ad
1097 3674 1162 3751 ista
1177 3696 1232 3751 re·

287 3783 376 3856 son
392 3801 442 3855 ro.

221 3904 232 3952 r
259 3808 502 3956 instruentia
528 3881 706 3975 exigens,
741 3894 783 3953 ut
811 3892 938 3953 contra
965 3873 1230 3977 absolutionem

286 3982 464 4054 Caeciliani
491 3978 573 4071 quid
594 3978 812 4072 proferatur.
907 4048 910 4053 .

221 4102 234 4155 a
260 4081 469 4179 Prosecucio
485 4078 776 4177 Donatistarum,
790 4076 1085 4155 Ceciliauunln
1101 4073 1254 4234 ηὶὲζί,
1286 4136 1288 4140 .
