3200 4784
381 376 387 385 ’
414 430 472 509 iiii
496 356 885 485 uaniaiaaiaaii
909 406 1158 505 Hiariiiiiii.a
1240 434 1311 508 345

209 587 230 607 ··
248 550 336 650 &ira
352 569 392 650 (5
411 563 572 658 Crescani'a
589 566 743 643 Notariis
763 568 898 662 Egelesta
920 542 1192 671 Dunariflari'im,
1213 544 1337 664 Urfias‘

253 677 456 746 Ducanarius
478 672 643 769 isiaflrium
657 687 762 765 atqua.
773 674 982 739 eminentium
1001 672 1187 765 Parefiatiim
1201 674 1318 759 dixita

249 773 400 847 Dudum
420 770 538 843 vestra
558 768 749 841 sublimitas
770 765 960 841 secundum
979 765 1165 863 lniperiaie
1177 792 1311 866 praece·

250 887 399 964 ceptum
421 870 543 959 &nos
567 871 600 941 di
628 880 802 958 caeteros,
836 868 895 957 qui
922 880 992 941 tani
1017 870 1063 943 dc
1088 870 1312 951 sacratisimo

250 973 428 1044 comitatu
451 990 555 1059 quam
580 968 685 1041 etiam
706 968 751 1040 de
771 964 949 1039 Africanis
970 964 1107 1043 Officiis
1124 968 1314 1049 sublimita-

249 1076 297 1144 tis
320 1084 391 1142 ttiae
413 1068 493 1142 sunt
515 1065 648 1141 astibus
669 1066 852 1159 deputati,
878 1065 922 1137 ad
939 1064 1087 1162 singulas
1103 1072 1313 1160 provincias

249 1164 466 1259 destinavit,
493 1162 653 1240 ¹&edida
667 1169 771 1265 ctiam
789 1187 855 1258 per
870 1164 1068 1241 universam
1088 1168 1246 1245 Asricam
1262 1175 1314 1245 di·-

250 1268 365 1360 rexit,
392 1281 434 1339 ut
451 1280 522 1341 tani
540 1264 719 1338 Catholici
736 1285 841 1356 quain
856 1264 1056 1339 Donatistae
1068 1264 1239 1363 ‚Episcopi
1262 1274 1314 1346 iri·

250 1383 307 1443 tra
333 1362 496 1458 quartum
524 1365 679 1439 mensem
705 1366 894 1437 collationi
919 1364 1036 1438 cunsii
1062 1366 1187 1459 adesse,
1206 1369 1315 1445 debe·

251 1482 359 1558 rent,
387 1487 463 1557 quae
489 1480 652 1554 tempora
675 1464 848 1537 hodierna
869 1462 928 1536 die
955 1464 1125 1537 videntur
1150 1465 1312 1561 impleri,
1397 1481 1401 1487 ’

253 1570 287 1640 u
307 1568 388 1657 qiiia
405 1563 531 1657 praesto
547 1561 627 1639 sunt
642 1562 816 1654 universi,
833 1562 879 1636 de
894 1563 1061 1636 omnibus
1077 1564 1212 1640 scilicet
1228 1568 1314 1642 Pro·

251 1668 381 1739 vinciis
399 1663 604 1755 Africanis,
636 1666 672 1735 id
697 1663 747 1736 est
770 1664 815 1734 de
835 1661 1028 1747 Provincia
1049 1661 1315 1761 Proconsulari,
1390 1724 1396 1739 ,

252 1767 298 1839 de
315 1764 505 1836 Provincia
520 1761 729 1853 Byzacena,
749 1760 793 1833 de
806 1760 994 1851 Numidia,
1012 1762 1057 1835 dc
1071 1750 1313 1865 Mauritania,

209 1920 211 1925 s
252 1863 406 1937 sitifensi
434 1863 467 1935 di
493 1860 718 1952 cesariensi,
749 1858 942 1934 sedetiam
968 1861 1002 1933 di
1026 1862 1071 1934 de
1086 1860 1315 1956 Tripolitana

250 1962 471 2053 Provincia,
497 1961 522 2036 si
543 1963 703 2055 precipit
716 1960 885 2033 nobilitas
900 1974 980 2052 tua,
1007 1961 1118 2035 adsint
1131 1964 1237 2039 iidem
1253 1988 1319 2040 ve··

251 2063 431 2138 nerabiles
450 2061 540 2152 viri,
566 2075 608 2133 ut
626 2061 746 2134 omnia
763 2058 827 2131 siio
845 2060 971 2132 ordine
993 2079 1216 2157 peragantur.
1259 2075 1270 2091 ·

332 2184 363 2237 a.
391 2162 529 2233 aradius
549 2162 761 2249 Marcellinus
784 2163 827 2230 V.
846 2163 884 2234 Ca
910 2152 1076 2231 Tribunus
1093 2166 1132 2239 U
1147 2168 1312 2237 Notarius

252 2264 362 2353 dixit:
381 2259 508 2334 Adsmt
521 2262 744 2333 venerabiles
761 2258 942 2350 viri,quos
958 2259 1146 2351 presentes
1162 2260 1322 2358 essesiig'-'

254 2361 390 2458 geritis,
424 2362 471 2432 Er
485 2358 625 2454 ingrffs
640 2360 797 2455 aanivarfis
816 2361 973 2453 Episcopis
986 2366 1092 2454 partis
1107 2367 1244 2449 Donati,
1261 2366 1313 2430 iit·

249 2457 361 2555 greffis
380 2466 476 2532 ariam
492 2461 640 2546 Aurelio,
662 2463 794 2554 Alypio,
813 2459 1005 2553 Auguflina,
1031 2463 1217 2544 Vincentio,
1240 2464 1316 2529 Far·

248 2577 391 2652 ¹rasitata,
419 2564 656 2632 urrumnai
671 2560 709 2634 ἐ]
728 2554 859 2645 Possidio
873 2555 1030 2651 Episcopi}
1047 2558 1185 2653 Ecaiafia
1201 2560 1317 2630 Carsio-

254 2663 344 2751 la'ca,
380 2683 448 2729 ciam
465 2663 627 2739 Nouato,
665 2657 855 2740 Fiaranria,
888 2660 1102 2745 Maurmtia,
1136 2658 1315 2750 Bonifatio,
1397 2735 1401 2740 ,

257 2763 382 2848 Prisco,
408 2753 636 2830 Sermiana&
656 2757 805 2847 scyllacio
822 2754 1007 2849 coepiscopis
1025 2756 1118 2844 suis',
1155 2762 1316 2845 Dcutario,
1358 2812 1362 2817 -

258 2865 383 2943 Leone,
409 2855 551 2954 Afiaria,
576 2853 615 2930 d
631 2854 807 2952 Regiitiaao,
834 2879 915 2955 arque
928 2854 1083 2953 Episcopis
1096 2864 1135 2933 ὕ
1148 2858 1318 2955 custodibus

250 2958 410 3056 geflarum.
557 3032 559 3037 ,
864 2981 866 2984 ⁴

334 3079 365 3148 3.
387 3055 597 3129 Marrasiniis
611 3047 864 3142 uircsariffimui
879 3045 1090 3131 ‘Tribunusei
1098 3058 1258 3129 Narariiu
1268 3058 1317 3129 di.

256 3161 328 3230 xit:
353 3154 525 3250 Optarem
544 3154 686 3245 quidem
702 3168 810 3226 tantae
826 3152 929 3243 hujus
945 3154 1180 3229 multitudinis
1199 3154 1319 3230 sansti-

257 3269 391 3346 tatem,
418 3275 496 3345 quae
516 3256 577 3328 iiiii
596 3254 701 3327 unius
718 3250 844 3325 Christi
863 3251 933 3324 Dei
950 3254 1124 3349 religione
1141 3255 1318 3349 censetur,

255 3356 354 3430 nulla
369 3379 388 3426 a
403 3351 437 3426 se
451 3352 660 3427 dissensione
671 3352 826 3447 sejungi,
853 3349 911 3424 sed
926 3354 1006 3443 quia
1022 3352 1059 3426 id
1073 3355 1170 3446 quod
1187 3355 1320 3430 dudum

257 3476 360 3528 error
383 3455 517 3544 antiqui
537 3451 647 3526 hostis
670 3451 832 3535 immisit,
857 3450 976 3524 Deum
998 3464 1136 3524 certum
1155 3453 1205 3525 est
1222 3454 1320 3527 velle

256 3576 355 3630 nunc
379 3552 536 3647 corrigi,
569 3571 617 3624 ne
642 3552 773 3623 diutius
795 3570 961 3646 germana
984 3551 1112 3646 religio
1133 3565 1321 3625 concerta-

257 3656 361 3726 tione
379 3651 437 3725 sua
452 3648 685 3743 spectaculum
698 3649 864 3745 gentibus
880 3646 1006 3733 saciat,
1030 3650 1117 3722 licet
1129 3650 1230 3744 supra
1248 3673 1321 3725 me-

257 3754 364 3827 ritum
380 3771 516 3837 meum,
549 3750 623 3821 hoc
643 3747 858 3844 cognoscam
874 3744 943 3820 eise
954 3745 1145 3840 judicium,
1172 3764 1214 3821 ut
1226 3750 1321 3824 inter

260 3874 326 3935 eos
344 3852 466 3923 videar
479 3846 663 3942 judicare,
690 3847 853 3939 aquibus
871 3867 929 3919 iiie
944 3849 1066 3938 potius
1085 3847 1254 3923 decuerat
1267 3850 1323 3943 ju·

260 3952 388 4024 dicari:
407 3965 526 4025 tamen
544 3949 625 4040 quia
644 3960 780 4020 certum
794 3942 864 4035 est,
882 3944 975 4017 hanc
991 3943 1127 4029 causam
1143 3944 1325 4043 spauame
1372 3985 1375 3990 ·

260 4033 347 4157 De‘o
365 4048 558 4147 &Angelis
575 4045 720 4123 testibus
737 4042 956 4221 agilnudam,
982 4064 1060 4147 qun
1076 4046 1140 4125 sub
1155 4044 1332 4217 i’idxeix-Ncm·

833 4162 854 4241 5
1214 4164 1242 4217 e
1267 4160 1309 4213 is
