3200 4784
390 445 398 456 .
479 355 524 470 s
601 381 1023 478 Lampsacunm.
1063 357 1101 433 ι’
1190 445 1196 466 ι
1278 400 1352 483 119

271 523 428 632 tius-in
452 544 516 621 suo
544 546 657 640 iudex
686 544 789 624 fuisse
814 521 1041 620 videbatur*
1078 539 1191 642 Quod
1216 542 1254 616 su
1266 533 1346 621 noir

273 647 367 724 'erat'
383 645 492 739 iudex
516 646 553 718 in
580 666 626 720 eo
653 647 753 739 quod
777 644 892 737 fecit,
929 643 1121 718 secundum
1155 646 1252 738 leges
1286 664 1347 716 ro·

238 767 401 824 .¹manas
433 767 453 820 a
480 745 704 838 judicibus
694 767 732 820 ιιι
760 766 844 820 eum
875 745 1001 818 debuit
1027 743 1212 816 vindicari.
1265 741 1346 818 Aut

274 846 446 922 sidicitis
477 864 548 920 nec
577 846 626 921 src
658 866 739 921 eum
770 846 1036 921 communicare
1063 841 1237 917 debuisse.
1272 863 1343 917 nos

273 959 421 1022 tamen
430 965 508 1019 non
540 947 704 1020 videmus
738 946 820 1038 qnia
842 944 966 1018 debuit
991 941 1181 1034 abstineri,
1215 944 1276 1036 qui
1302 921 1343 1015 i'd

272 1047 349 1120 tale
381 1044 471 1120 fecit
502 1046 600 1139 quod
631 1044 762 1119 facium
795 1042 847 1120 est
882 1042 1080 1136 aMoyse,
1120 1062 1226 1135 quern
1257 1041 1342 1137 post

274 1146 404 1254 viginti
431 1149 500 1218 tria·
521 1144 644 1220 millia
654 1145 842 1224 hominnm
868 1143 1004 1235 occisa,
1031 1143 1132 1216 Deus
1155 1162 1232 1215 non
1254 1163 1341 1215 con·

221 1315 224 1320 ,
272 1237 474 1320 ten'rnendo
508 1244 696 1330 abstinuit:
663 1243 789 1317 tsed
821 1255 863 1317 ut
894 1240 1010 1316 secum
1036 1245 1249 1335 loqueretur
1274 1244 1346 1315 ite--
1381 1299 1387 1311 ,

271 1365 351 1420 rum
363 1345 547 1419 invitavit.
598 1344 682 1418 Nos
697 1363 777 1416 non
793 1343 959 1417 videmus
974 1339 1218 1432 abstinendum
1236 1340 1340 1414 fuisse
1371 1399 1384 1420 -.

272 1464 377 1536 cum,
414 1446 474 1536 qui
507 1445 596 1519 fecit
630 1444 729 1535 quod
756 1442 931 1535 Phineos,
967 1461 1074 1531 quern
1107 1442 1216 1532 paulo
1253 1456 1351 1518 ante.

268 1544 492 1632 memoravi,
518 1545 580 1636 qui
604 1544 648 1616 ab
674 1541 751 1635 ipso
773 1541 859 1617 Deo
884 1562 953 1637 pro
977 1541 1175 1615 homicidio
1201 1540 1339 1613 laudari
1373 1607 1377 1613 .

258 1646 415 1718 &meruit
465 1641 556 1718 Non
578 1642 723 1715 videtur
738 1644 848 1739 tnagis
864 1644 971 1717 nobis
988 1639 1216 1714 abstinendus
1234 1627 1342 1713 soille
1417 1653 1419 1665 '

265 1742 301 1815 is
327 1764 347 1814 a
372 1762 446 1832 quo
470 1744 508 1816 id
532 1743 662 1816 facium
688 1740 739 1815 est
763 1741 881 1834 quod
883 1746 932 1820 ab
951 1740 1030 1814 Elia
1047 1740 1248 1832 propheta,
1274 1740 1336 1830 qui
1388 1814 1391 1828 ,

265 1850 332 1910 tot
355 1838 463 1913 falsos
488 1837 682 1934 prophetis
709 1841 866 1914 occidit:
891 1861 972 1914 naut
987 1838 1022 1911 δι
1037 1839 1120 1913 illos
1141 1836 1250 1928 falsps
1272 1859 1337 1915 va·

215 1940 326 2024 „t'es
352 1936 453 2011 suiffe
476 1942 548 2033 J'am
573 1941 676 2032 supra
699 1940 947 2034 probavimus.

345 2057 379 2131 7.
405 2038 477 2111 Sed
507 2051 549 2112 ut
581 2038 658 2113 hec
688 2042 854 2131 exempla
884 2039 1075 2131 sileantur,
1109 2037 1267 2113 dicamus
1299 2036 1335 2112 &

265 2153 339 2209 nos
376 2138 475 2229 quod
509 2139 627 2213 dicitis
656 2159 757 2216 teum
788 2137 891 2214 fuisse
914 2139 1143 2220 Macariurnt
1175 2139 1275 2230 quod
1306 2137 1361 2220 st,

265 2234 362 2329 suit,
398 2236 605 2312 accusatore
636 2236 784 2333 srlente‚
821 2240 972 2314 anobis
999 2260 1075 2312 nou
1099 2239 1204 2336 licuit
1230 2237 1337 2311 obsti«,

239 2337 357 2426 neri.
420 2336 602 2430 Scriptum
642 2337 694 2412 est
717 2340 825 2416 enim
859 2353 943 2412 ante
981 2340 1162 2435 cognitam
1194 2340 1333 2414 causam

263 2437 445 2511 neminem
462 2436 532 2511 elle
547 2438 797 2514 damnandum.
847 2438 993 2527 Dicite,
1020 2439 1097 2529 quis
1121 2458 1204 2511 eum
1227 2456 1334 2509 accu-

217 2597 221 2602 .
263 2530 379 2625 savit,
404 2535 439 2608 sc
464 2537 605 2612 auditus
624 2558 701 2612 non
719 2537 799 2612 esti
831 2536 956 2612 Dicite
973 2536 1171 2610 Macarium
1193 2531 1333 2608 confes·

263 2630 340 2706 sum
356 2632 426 2707 else
445 2633 608 2730 culpans,
634 2636 843 2709 &nostram
858 2634 983 2710 siluisse
1002 2633 1240 2710 sententiam?
1268 2632 1333 2708 Su·

263 2752 344 2808 mus
367 2735 462 2808 enim
484 2734 746 2826 qualescunque
761 2735 923 2826 judices
912 2756 950 2807 ιιι
966 2731 1123 2806 Ecclefia
1104 2755 1147 2826 a,
1173 2732 1273 2824 quod
1295 2732 1332 2807 dc

262 2830 329 2923 ipsi
345 2852 423 2904 non
440 2834 603 2932 negatis3
630 2834 728 2923 quod
742 2854 812 2906 nos
825 2833 965 2928 J’udices
983 2831 1052 2907 effe
1069 2852 1180 2906 veros
1195 2833 1330 2907 debere

252 2928 366 3003 inille
385 2927 617 3005 contenditis
669 2930 760 3005 Non
776 2936 871 3006 enim
892 2931 1074 3026 possumus
1090 2932 1211 3007 facere
1228 2933 1330 3024 quod
1359 2959 1367 2978 ι
1404 3012 1406 3018 ,

262 3050 342 3103 non
355 3029 444 3102 fecit
456 3030 579 3123 Deus,
606 3032 666 3121 qui
681 3034 718 3104 in
734 3032 873 3124 judicio
891 3032 956 3114 suo
974 3030 1142 3124 personas
1165 3032 1329 3125 separare
1400 3031 1404 3039 '

241 3119 428 3223 dignatus
451 3127 519 3205 est·
551 3151 620 3204 nec
637 3132 789 3208 eundem
809 3133 931 3207 voluit
946 3131 1015 3206 eise
1027 3130 1274 3219 accusatorem
1292 3132 1329 3205 dc

259 3226 431 3320 judicem.
490 3229 582 3304 Non
602 3234 696 3305 euim
715 3230 836 3324 potest
856 3234 932 3324 quis
953 3234 990 3307 in
1011 3253 1084 3306 una
1104 3230 1229 3346 causa,
1263 3252 1328 3305 eo·

264 3326 347 3400 dem
369 3341 556 3412 momento
578 3330 663 3403 duas
680 3344 832 3424 portare
851 3331 1046 3424 personas,
1077 3345 1118 3406 ut
1138 3332 1176 3403 in
1195 3331 1327 3405 eodem

261 3425 422 3517 iudicio,
441 3425 474 3496 ιι
489 3427 673 3502 accusator
689 3428 758 3503 elle
772 3430 875 3523 polilt
890 3430 923 3503 δι
934 3432 1057 3521 J'udex.
1097 3430 1210 3526 Qrtod
1225 3429 1325 3502 Deus

263 3544 334 3597 nec
352 3544 416 3619 per
433 3525 732 3617 omnipotentiam
750 3529 857 3602 fecit:
878 3542 919 3599 ut
932 3530 1038 3602 nobis
1051 3527 1232 3619 judicandi
1251 3527 1326 3600 for·
1362 3548 1368 3559 ·

262 3643 356 3699 mant
376 3622 603 3717 ostenderet,
637 3628 783 3717 docuit,
816 3648 917 3700 reum
934 3627 1005 3700 stne
1023 3625 1232 3699 accusatore
1246 3645 1325 3701 non
1369 3634 1378 3639 “

259 3723 397 3796 debere
420 3723 595 3798 damnari:
628 3737 689 3797 aut
708 3723 952 3800 accusatorem
971 3746 1052 3799 eum
1072 3723 1161 3807 elie,
1194 3726 1255 3818 qui
1268 3726 1325 3818 ιιι

261 3821 333 3894 dex
349 3824 386 3895 in
400 3843 442 3896 ea
457 3822 559 3896 causa
574 3823 715 3897 futurus
730 3822 790 3899 est.
844 3825 1037 3913 Denique
1028 3839 1123 3898 anter
1137 3821 1209 3917 ipsa
1228 3827 1325 3922 prin·

263 3920 356 4013 cipia
375 3923 574 3998 seculorum
596 3925 680 3997 dum
704 3923 889 3997 hominum
912 3923 1002 3998 ellet
1018 3926 1244 3999 renovellata
1262 3946 1325 3999 na·

261 4021 407 4096 civitas:
432 4021 517 4104 dum
531 4046 552 4100 a
566 4021 778 4101 confrater
794 4023 891 4099 Abel
906 4022 994 4104 eslet
1008 4023 1168 4111 occisus,
1192 4023 1324 4103 leuum

770 4122 860 4223 Ha
973 4184 975 4186 -
1204 4124 1287 4239 ιιι
1381 4153 1386 4162 ·
