3200 4784
508 355 649 461 18'4
1012 359 1664 438 Mannum-u
1701 345 2118 440 Vernus

553 525 563 538 '
654 521 737 598 In
788 520 1054 598 eisdem
1104 522 1314 593 etiam
1362 522 1622 596 litteris
1669 522 1924 596 leetum
1965 521 2111 613 est,
2165 543 2346 617 eos,
2397 522 2524 614 qui
2575 521 2646 598 se

515 623 831 699 offerent
876 620 1486 712 persecutionibus
1537 641 1686 693 non
1735 624 2271 715 comprehensi,
2326 622 2391 693 ἃ
2437 624 2646 697 ultro

514 725 836 797 dicerent
867 718 934 793 se
972 722 1234 794 habere
1265 717 1685 812 scripturas,
1739 743 1910 813 quas
1945 744 2094 802 non
2141 721 2550 816 traderent,
2593 739 2651 795 ‘a

515 826 770 915 quibus
828 822 971 894 boc
1028 827 1245 892 nemo
1290 819 1701 913 quaefierat‚
1769 821 2184 912 displicuisse
2227 819 2650 915 Mensuri0‚

518 924 605 998 δε,
656 923 742 994 ab
791 921 891 992 eis
956 919 1396 992 honorandis
1458 939 1620 992 eum
1684 918 2118 1009 prohibuisse
2171 918 2643 996 Christianos.

519 1022 825 1122 Quidam
865 1019 1074 1090 etiam
1112 1018 1181 1087 in
1218 1019 1461 1089 eadem
1507 1017 1804 1110 epistola
1841 1018 2216 1091 facinorosi
2259 1021 2654 1114 argueban-

520 1133 636 1194 tur
662 1119 728 1191 ἃ
763 1114 909 1189 fisci
944 1117 1351 1196 debitores,
1405 1117 1524 1206 qui
1556 1118 1936 1196 occasione
1974 1119 2491 1210 persecutionis
2524 1120 2656 1191 vel

522 1240 764 1292 carere
797 1219 1075 1288 vellent
1104 1215 1405 1288 onerosa
1428 1218 1666 1289 multis
1699 1217 1952 1316 debitis
1985 1218 2164 1308 vita,
2199 1219 2315 1289 vel
2344 1237 2656 1313 purgare

520 1319 591 1393 se
612 1331 979 1410 putarent,
1000 1314 1266 1404 &quasi
1300 1316 1587 1389 abluere
1620 1315 1941 1388 facinora
1968 1316 2112 1406 sua,
2156 1320 2272 1389 vel
2305 1333 2504 1388 certe
2535 1338 2656 1390 ac·

466 1457 475 1472 ·
522 1419 807 1510 quirere
855 1419 1274 1506 pecuniam,
1341 1414 1406 1486 δι
1444 1415 1518 1487 in
1561 1415 1880 1488 custodia
1919 1417 2187 1498 deliciis
2235 1414 2504 1507 perfrui
2559 1418 2660 1490 de

525 1515 875 1610 obsequio
929 1514 1514 1588 Christianorum.
1619 1514 1906 1590 Crimen
1961 1528 2200 1590 tamen
2256 1513 2659 1586 Donatistae

524 1638 677 1692 non
738 1616 1163 1708 ingerebant
1216 1612 1635 1704 Mensuri0‚
1706 1614 1827 1688 nisi
1883 1615 1972 1688 de
2024 1615 2391 1687 codicibus
2441 1616 2660 1684 tradi-

526 1717 665 1788 tis:
730 1714 1108 1788 mentitum
1158 1732 1319 1786 eum
1372 1715 1634 1805 quippe
1687 1714 2064 1804 dicebant,
2120 1713 2315 1803 quod
2356 1714 2456 1783 illi
2498 1732 2660 1786 non

525 1814 797 1888 fuerint
842 1812 1010 1883 sacri
1059 1812 1393 1902 codices,
1465 1811 1531 1883 δι
1566 1827 1943 1904 peccatum
1987 1811 2180 1886 suum
2226 1826 2472 1906 tegere
2520 1831 2664 1884 vo-

527 1911 770 2001 luisse3
807 1913 1129 2002 quamvis
1165 1912 1475 2003 &ipsam
1502 1909 1863 1986 fictionem
1901 1914 2466 1986 criminarentur.
2519 1910 2665 1983 Re-

533 2014 849 2084 citarunt
879 2012 1093 2083 etiam
1130 2009 1464 2101 rescripta
1498 2009 1803 2084 Secundi
1836 2010 2204 2106 Tigifitani
2243 2010 2328 2081 ad
2351 2011 2668 2084 eundem

530 2108 969 2188 Mensurium
1008 2107 1308 2208 pacifice
1341 2109 1543 2200 data,
1581 2111 1702 2181 ubi
1741 2111 1806 2182 δι
1836 2111 1957 2203 ipsi
1996 2111 2344 2192 narravit,
2394 2112 2464 2180 in
2499 2108 2665 2180 Nu-

444 2259 449 2264 -
531 2210 746 2285 midia
788 2207 1284 2301 persecutores
1330 2229 1485 2300 quae
1530 2210 1842 2305 egerint:
1903 2210 1969 2281 &
2004 2212 2118 2301 qui
2161 2207 2665 2299 comprehensi

539 2309 607 2391 ,δι
642 2308 1017 2399 scripturas
1052 2307 1118 2379 S.
1150 2308 1430 2382 tradere
1464 2311 1798 2381 nolentes
1824 2362 1848 2400 ‚
1902 2309 1966 2380 &
2003 2309 2222 2382 multa
2255 2310 2434 2381 mala
2465 2307 2664 2399 paffi,

539 2408 606 2479 δι
639 2407 1044 2502 gravissimis
1082 2405 1432 2502 suppliciis
1467 2405 1852 2508 excruciati
1899 2408 1964 2480 Gt
2001 2407 2214 2480 occifi
2247 2406 2444 2479 sunt:
2497 2427 2667 2479 eos-

541 2528 681 2598 que
714 2506 1199 2588 honorandos,
1232 2526 1365 2598 pro
1406 2506 1736 2600 Martyrii
1776 2506 1874 2578 sui
1912 2510 2172 2579 merito
2211 2506 2669 2598 commenda:

525 2607 697 2702 Νὴ,
750 2606 1039 2696 laudans
1075 2626 1203 2677 eos
1233 2625 1385 2678 non
1418 2605 1770 2678 tradidisse
1797 2603 2172 2699 scripturas
2198 2604 2266 2676 S.
2293 2607 2478 2676 illius
2513 2625 2671 2677 mu-

540 2704 734 2778 lieris
784 2708 1118 2794 exemplo
1150 2754 1172 2791 ‚
1246 2725 1399 2793 quae
1445 2706 1629 2776 duos
1672 2708 2170 2794 exploratores
2220 2704 2293 2776 in
2342 2703 2670 2794 JerichO,
