3200 4784
684 430 824 504 180
1148 403 1843 497 ”Moridunum-A
1891 421 2305 500 Venena

680 583 864 659 dixit
900 577 1179 655 Castum
1220 580 1625 654 Diaconum
1654 628 1676 660 ‚
1739 595 1821 654 ut
1861 582 2093 674 dicat,
2148 585 2192 658 li
2228 604 2375 659 non
2420 583 2522 660 est
2558 583 2831 668 Tadi.-

681 695 826 772 tor.
930 681 1084 772 Ipse
1118 683 1309 756 illum
1350 681 1733 753 ordinavit.
1838 679 1934 754 Et
1968 683 2305 775 induem,
2361 687 2427 759 ἀ
2465 691 2828 782 applicito

684 780 902 855 Casto
937 781 1305 872 Diacone,
1330 778 1774 874 Zenophilus
1804 779 1899 855 V.
1927 782 2008 856 C.
2038 781 2325 858 Consul.
2360 786 2570 866 dixit:
2603 791 2822 887 ,Quis

682 879 1029 952 vocaris?
1086 878 1511 970 Respondit:
1565 877 1833 953 CastuS.
1916 882 2360 974 Zenophilus
2385 886 2479 959 V.
2506 884 2587 960 C.
2611 886 2822 962 Con-

682 979 808 1054 sul.
851 978 1063 1052 Casto
1107 979 1326 1072 dixit:
1381 978 1599 1068 CuJ'us
1636 979 2076 1052 conditionis
2123 981 2252 1054 es?
2306 982 2552 1057 Castus
2581 986 2816 1066 dixit:

682 1078 974 1152 Nullam
1022 1077 1438 1172 dignitatem
1488 1078 1747 1152 habeo.
1863 1077 2311 1171 Zenophilus
2350 1083 2446 1156 V.
2491 1082 2572 1158 C.
2609 1083 2823 1160 Con-

680 1178 804 1252 sul.
842 1175 1053 1249 Casto
1096 1179 1335 1272 dixit:⁸
1374 1178 1580 1248 Licet
1625 1191 1768 1249 tam
1808 1198 1934 1269 per
1976 1177 2347 1253 Victorem
2385 1180 2817 1258 Grammati-

682 1299 892 1366 ωιτη,
962 1298 1167 1367 quam
1217 1278 1432 1348 etiam
1472 1296 1600 1367 per
1642 1275 2012 1352 Vissorem
2053 1276 2419 1351 Samsurici
2470 1283 2536 1353 &
2567 1282 2818 1355 Satur-

681 1381 928 1454 ninum
992 1387 1354 1448 venerunt
1415 1377 1487 1448 in
1548 1373 2060 1451 confessionem
2111 1398 2264 1468 qua:
2316 1379 2814 1458 Nundinarius

682 1477 987 1568 objicit:
1057 1491 1291 1547 tamen
1332 1474 1546 1547 etiam
1591 1488 1673 1545 tu
1715 1472 2069 1548 confitere
2095 1529 2119 1568 ‚
2173 1493 2412 1552 utrum
2456 1478 2813 1557 Traditor

681 1577 769 1652 fit
810 1572 1194 1647 Silvanus?
1269 1571 1513 1645 Castus
1556 1573 1959 1666 respondit:
2021 1573 2334 1650 Dicebat
2373 1579 2567 1668 quod
2601 1581 2812 1655 inve-

678 1678 873 1751 nerit
907 1677 1264 1747 lucer-nam
1304 1671 1469 1764 post
1495 1691 1761 1748 orcam.
1861 1671 2307 1768 Zenophilus
2343 1678 2441 1752 V.
2475 1676 2550 1749 C.
2585 1677 2814 1759 Cons.

681 1776 864 1848 dixit
906 1771 1157 1845 Casto:
1226 1770 1454 1844 Etiam
1495 1772 1584 1844 de
1625 1771 1824 1866 cupis
1867 1773 1957 1846 de
1991 1771 2165 1846 fano
2195 1775 2470 1869 Sarapis
2513 1775 2807 1854 sublatis

680 1876 752 1948 δι
787 1889 997 1945 aceto
1034 1867 1408 1947 confitere.
1481 1867 1727 1943 Castus
1758 1868 2155 1964 respondit:
2191 1873 2574 1966 Purpurius
2597 1875 2811 1971 Epis-

635 1993 913 2064 ,copus
960 1973 1127 2045 tulit
1156 1991 1405 2065 cupaS.
1507 1969 1952 2062 Zenophilus
1991 1972 2085 2043 V.
2123 1969 2201 2046 C.
2243 1972 2531 2049 Consul.
2577 1976 2804 2053 dixit:

679 2074 998 2171 Acetum
1029 2069 1184 2160 quis
1207 2067 1243 2141 ‘4‘
1285 2066 1686 2160 Respondit
1714 2069 1992 2144 Castus:
2029 2071 2254 2170 Quod
2287 2073 2603 2147 tulerunt
2633 2077 2804 2151 inde

683 2187 965 2245 acetum
1024 2169 1349 2242 Silvanus
1406 2165 1801 2262 Episcopus
1839 2222 1863 2261 ‚
1941 2169 2277 2244 Donatus
2332 2173 2399 2244 δι
2455 2171 2802 2268 Superius

679 2269 1115 2363 Presbyteri.
1233 2266 1673 2356 Zenophilus
1713 2268 1803 2339 V.
1849 2266 1928 2340 C.
1980 2267 2269 2346 Consul.
2312 2269 2532 2345 Casto
2573 2273 2803 2349 dixit:

684 2366 1057 2444 Confitere
1086 2421 1111 2458 ‚
1185 2378 1367 2459 quot
1418 2366 1630 2438 folles
1679 2368 1874 2441 dedit
1916 2367 2221 2460 Vmor,
2292 2384 2374 2442 ut
2416 2369 2804 2464 Presbyter

580 2505 584 2510 ·
679 2468 941 2545 fieret?
1012 2465 1258 2539 Castus
1300 2466 1508 2537 dixit:
1579 2464 1869 2540 Obtulit
1901 2465 2215 2542 Domine
2259 2468 2671 2561 saccellum,
2725 2471 2804 2545 ἃ

682 2572 853 2661 quid
892 2568 1236 2641 —habuerit
1268 2619 1293 2654 ,
1362 2562 1628 2641 nescio,
1744 2565 2184 2659 Zenophilus
2230 2568 2318 2641 V.
2374 2567 2455 2643 C.
2507 2567 2806 2650 Consul.

639 2659 645 2674 '
680 2668 896 2741 Casto
931 2667 1145 2781 dixit:
1214 2663 1349 2736 Cui
1380 2666 1620 2737 datum
1667 2665 1767 2737 est
1803 2663 2236 2740 saccellum?
2302 2664 2545 2740 Castus
2584 2669 2802 2744 dixit:

952 2781 1029 2840 it.
1080 2789 1120 2833 u
1232 2769 1300 2833 in
1336 2760 1480 2833 casa
1516 2759 1809 2840 ma‘nre.
1877 2765 2081 2837 Zeno
2137 2769 2317 2837 hil'us
2353 2769 2425 2837 V
2458 2769 2549 2844 ..C
2669 2789 2713 2843 εἰ]
2773 2813 2805 2829 -
