3200 4784
504 389 651 476 με
1010 373 1669 454 Mortuum-n
1717 373 2135 455 Vna-ena·

506 544 788 618 bemus.
866 540 963 614 Et
996 544 1323 612 recitavit.
1387 537 1549 611 Leo
1584 535 1984 631 Episcopus
2020 537 2424 632 municipii
2457 535 2632 634 Mop-

472 628 721 716 'tenfis
788 637 1198 737 Carthagini
1255 636 1685 711 constitutus
1751 635 2100 730 praesente
2177 641 2376 710 viro
2432 637 2632 718 ‚claris-

504 742 683 819 'fimo
700 735 773 810 T
776 739 1039 813 ribuno
1074 741 1141 813 dc
1159 737 1479 813 Notario
1497 738 1930 810 Marcellino
1957 735 2460 829 suprascripta
2485 759 2636 813 mru-

508 841 677 914 davi
717 837 785 911 ἀ
816 837 1198 932 subscripfi.
1304 840 1449 930 Quo
1477 842 1737 908 recitato
1767 840 1924 906 idem
1955 839 2168 910 dixit:
2223 837 2514 911 Habeo
2543 837 2636 914 Fe-

505 941 745 1014 licem.
851 936 948 1012 Er
980 940 1293 1011 accedente
1332 939 1529 1008 Felice
1560 939 1718 1007 idem
1755 938 1964 1008 dixitt
2017 935 2400 1032 Agnosco
2455 939 2636 1015 illum.

512 1041 614 1112 Et
647 1042 967 1116 recitavit.
1038 1035 1360 1111 Asterius
1404 1034 1803 1130 Episcopus
1846 1035 2075 1127 plebis
2108 1037 2475 1110 Vieenlis
2515 1035 2642 1111 Car·

509 1139 781 1236 thaginl
820 1136 1251 1211 constitutus
1294 1157 1535 1210 coram
1570 1137 1739 1218 viro
1781 1135 2146 1209 clariffimo
2184 1131 2558 1210 Tribuno
2597 1137 2642 1212 dt

510 1237 835 1313 Notario
855 1236 1289 1310 Marcellino
1321 1233 1782 1330 suprascripta
1808 1234 2136 1308 mandavi
2165 1233 2234 1307 δι
2263 1234 2641 1328 subscript

508 1341 663 1443 ,Quo
712 1342 975 1408 recitato
1025 1338 1183 1407 idem
1232 1339 1403 1407 dixit
1434 1361 1458 1407 .·
1520 1335 1604 1408 In
1670 1333 1822 1428 ipso
1891 1333 2048 1407 solo
2110 1355 2430 1411 mecum
2505 1338 2644 1410 alim

507 1433 911 1530 Epistopus
953 1457 1107 1510 non
1138 1434 1263 1511 est.
1367 1433 1469 1507 Ee
1496 1435 1816 1505 ‘accedente
1869 1436 2125 1505 Urbano
2157 1433 2489 1540 Epist-opo
2527 1441 2648 1508 ide·

507 1540 723 1610 dixit:
774 1535 975 1610 Deus
1005 1535 1251 1627 videt,
1304 1536 1465 1627 quia
1504 1552 1659 1606 non
1695 1535 1892 1608 illum
1921 1535 2140 1616 novi„

670 1655 832 1726 144.
881 1638 1304 1706 Maro-eninm
1331 1637 1443 1704 vir
1472 1629 1842 1725 clarissimus
1868 1632 2198 1704 Tribunus
2224 1632 2312 1711 δ’
2344 1639 2648 1710 Notarius

510 1737 733 1808 dixit:
803 1733 1223 1829 Jamdudum
1278 1755 1395 1807 me
1448 1731 1782 1806 obtulisse
1833 1731 2174 1806 sanctitati
2243 1735 2530 1810 vestrae
2577 1733 2653 1807 sat

512 1848 790 1908 certum
828 1833 974 1917 est,
1018 1847 1101 1907 ut
1127 1831 1575 1926 competenti
1602 1836 2016 1905 reverentia
2045 1833 2398 1907 sedentes
2433 1837 2653 1908 omnia

510 1932 951 2008 tractaretis:
1000 1933 1338 2023 siquidem
1385 1933 1553 2005 mibi
1589 1932 1974 2006 onerosum
2007 1931 2146 2005 ess'e
2178 1941 2354 2007 n'on
2396 1933 2653 2026 nescio,

510 2046 638 2106 tot
676 2033 1209 2105 venerabilibus
1255 2031 1430 2102 viris
1472 2029 1819 2105 stantibus
1870 2031 2223 2120 refidere3
2273 2034 2519 2110 'unde
2561 2033 2657 2106 vel

510 2152 711 2207 nunc
739 2127 1194 2205 multitudine
1232 2128 1657 2219 sequestrata
1683 2128 1926 2204 sedere
1959 2130 2394 2228 dignemini,

663 2250 825 2324 145.
885 2231 1244 2302 Petilianus
1282 2229 1614 2326 Episcopus
1643 2231 1851 2301 dixit:
1905 2227 2198 2325 Agimus
2229 2235 2522 2329 gratias
2553 2232 2662 2307 ho-

512 2327 992 2408 norificentiae
1040 2342 1231 2422 ωε,
1282 2331 1399 2400 vir
1425 2329 1731 2421 nobilis,
1785 2330 1983 2420 quod
2015 2330 2172 2402 talis
2205 2351 2296 2403 ac
2329 2345 2552 2407 tanta
2579 2329 2664 2408 est

516 2442 642 2501 tua
673 2433 941 2522 pietas,·
966 2443 1050 2501 ut
1075 2428 1536 2504 benemeritis
1574 2429 1746 2501 viris
1777 2428 2422 2522 antiquiffimisque
2453 2431 2662 2506 sacer-

517 2529 815 2602 dotibus
845 2528 912 2600 δι
939 2542 1059 2602 tot
1086 2525 1671 2621 persecutionum
1708 2528 1956 2621 palmis
1999 2528 2458 2613 florentibus
2494 2534 2664 2605 hanc

512 2629 1026 2724 benignitatem
1078 2626 1402 2721 praestare
1454 2626 1759 2721 digneris
1790 2679 1816 2718 ‚
1882 2641 1965 2698 ut
2014 2628 2425 2722 graviffima
2484 2630 2660 2703 sene-

514 2726 667 2802 &us
706 2779 732 2817 ‚
803 2731 1268 2816 quae‘ornata
1329 2723 1431 2798 est
1482 2724 1550 2798 &
1610 2726 1811 2800 annis
1857 2727 1924 2798 δε
1968 2728 2240 2800 meritis
2287 2725 2440 2802 suis
2477 2783 2504 2823 ,
2575 2728 2658 2801 se·
