3200 4784
458 337 467 350 ’
532 383 688 477 ιςσ
1044 361 1710 456 monumen-ra
1757 375 2175 498 Vna-nna

543 536 1082 639 protestantur3
1154 539 1424 634 probet
1463 549 1587 612 aut
1609 539 1901 633 'judicet
1931 594 1957 633 ‚
2028 543 2350 633 quisquis
2407 555 2702 622 amator

458 726 462 735 ⁴
530 656 673 716 lut
724 638 1022 713 assertor
1071 637 1176 712 est
1222 639 1594 713 veritatis.·
1685 634 1858 712 Hoc
1911 644 2098 715 enim
2150 644 2367 716 nobis
2423 645 2698 719 inflixit
2751 657 2758 666 '

514 741 803 820 *Frater
856 737 1239 833 aliquando
1287 739 1622 833 proprius
1646 785 1674 833 ,
1746 743 1947 831 quod
1996 761 2361 835 nunquam
2408 742 2699 820 faceret

546 842 844 915 alienus.

701 935 1173 1012 Deci-evimus
1206 953 1457 1026 omnes
1489 935 1922 1013 Sacerdotes
1946 938 2119 1033 Dei,
2156 939 2520 1035 praesente
2549 943 2698 1037 Spi-

544 1041 693 1114 ritu
725 1035 1032 1124 Sancto,
1083 1036 1276 1109 hunc
1316 1038 1625 1112 eundem
1671 1035 2140 1130 Primianum‚
2192 1042 2434 1133 primo
2493 1044 2698 1134 quod

544 1137 759 1233 super
812 1139 1031 1209 vivos
1074 1132 1479 1229 Episcopus
1533 1137 1713 1210 alios
1751 1137 2188 1235 subrogaritz
2244 1141 2448 1231 quod
2494 1143 2695 1218 ince-

546 1239 699 1315 stos
754 1257 919 1309 cum
970 1233 1364 1308 sannorum
1422 1238 1939 1310 communione
1988 1238 2405 1315 miscuerit:
2485 1242 2694 1332 quod

546 1335 1029 1428 Presbyteros
1096 1336 1182 1407 ad
1252 1336 1827 1427 conjurationem
1889 1331 2271 1412 ineundam
2330 1342 2698 1416 constrin·
2759 1361 2769 1374 ²

518 1457 725 1535 gere
763 1435 1232 1530 pertentarit:
1286 1436 1482 1524 quod
1523 1433 1581 1508 F
1585 1447 2000 1510 ortunatum
2046 1437 2572 1532 Presbyterum
2623 1445 2697 1516 in
2761 1489 2766 1528 ;

515 1540 871 1611 ·cloacarn
919 1535 1174 1607 fecerit
1220 1535 1463 1621 mitti,
1531 1553 1696 1609 cum
1744 1537 2255 1631 aegrotantibus
2314 1539 2694 1632 baptismo
2763 1541 2768 1546 ’

546 1631 1034 1712 succurrisset:
1089 1633 1284 1723 quod
1326 1629 1909 1710 communionem
1953 1634 2335 1720 Demetrio
2378 1637 2716 1734 Presby-'

520 1751 719 1808 -tero
773 1734 1183 1827 denegarit,
1254 1747 1337 1803 ut
1386 1747 1685 1828 cogeret
1737 1730 1962 1809 filium
2024 1729 2408 1810 abdicaret
2481 1740 2693 1832 quod
2765 1779 2769 1794 ·

547 1835 738 1910 idem
784 1833 1171 1924 Presbyter
1218 1833 1633 1927 objurgatus
1681 1833 1801 1919 fit,
1869 1835 2066 1926 quod
2097 1831 2506 1927 Episcopos
2555 1839 2692 1912 ho-

491 2023 495 2030 ,
544 1934 737 2028 spito
787 1930 1220 2030 suscepisset:
1290 1933 1484 2023 quod
1533 1931 1962 2025 supradictus
2007 1933 2395 2008 Primianus
2436 1940 2691 2011 multi-

547 2036 872 2108 tudinem
909 2031 1220 2121 miserit,
1287 2053 1441 2121 quae
1483 2029 2043 2107 Christianorum
2097 2036 2355 2109 domos
2394 2052 2691 2111 everte-

548 2145 705 2208 ret:
774 2132 969 2223 quod
1021 2128 1259 2203 obseffi
1311 2129 1443 2202 fint
1483 2129 1817 2226 Episcopi
1870 2134 2066 2206 fimul
2123 2135 2187 2206 ἃ
2234 2135 2543 2226 Clerici,
2619 2138 2687 2210 δε

547 2232 800 2329 postea
848 2234 932 2303 ab
985 2231 1133 2321 eJ'us
1174 2229 1588 2303 satellitibus
1635 2232 1963 2325 lapidati:
2030 2234 2228 2325 quod
2273 2237 2345 2306 in
2384 2230 2687 2309 Basilica

550 2334 703 2406 caeii
749 2333 885 2416 fint
921 2329 1302 2421 Seniores‚
1369 2330 1564 2421 quod
1627 2331 1918 2429 indigne
1961 2333 2236 2406 ferrent
2273 2333 2688 2407 Claudiani-

546 2429 685 2507 stas
760 2430 847 2504 ad
914 2430 1496 2505 communionem
1557 2430 1887 2504 admitti:
1975 2432 2170 2524 quod
2245 2432 2689 2508 innocentes

550 2532 874 2606 Clericos
923 2530 1289 2623 putaverit
1335 2526 1473 2602 effe
1513 2531 2142 2632 condemnandos:
2198 2533 2395 2622 quod
2443 2531 2513 2605 se
2548 2554 2700 2606 no·

488 2631 658 2718 {bis
696 2631 1134 2715 „audiendum
1189 2631 1508 2703 noluerit
1555 2632 1895 2705 exhi-bere
1927 2683 1950 2721 ,
2022 2653 2180 2705 cum
2229 2631 2682 2707 Basilicarum

544 2730 746 2806 fores
801 2752 894 2803 ne
933 2728 1498 2824 ingrederemur,
1560 2732 2018 2805 multitudine
2061 2732 2127 2803 ἀ
2173 2729 2416 2801 officio
2457 2734 2683 2805 inter·
