3200 4784
412 424 479 535 ¹nii
503 434 891 561 Donnrilrnnoii
909 432 1160 567 ‚Hiraonrn
1216 474 1316 552 aar

248 634 306 696 tra
322 628 457 695 tantam
476 618 644 693 dimicare
664 615 916 734 suppliciorum
937 618 1161 713 hostiumque
1179 619 1317 717 glorio·
1404 680 1409 693 .

247 724 318 799 ssus
341 719 630 810 multitudinem,
665 734 707 792 ut
731 719 767 792 in
794 739 868 791 uno
892 719 1086 793 certamine
1112 740 1186 792 non
1208 741 1316 798 unam

245 820 437 894 vidoriam
462 816 687 910 reportasset
747 816 866 890 Posset
888 820 960 890 illic
989 817 1130 911 adipisci
1160 812 1323 912 supremi
1399 892 1403 905 ,

246 922 431 994 cruciatus
450 939 619 1008 examen,
646 917 803 1009 quicum
824 898 1007 1008 triumpho
1027 918 1138 991 mittit
1157 920 1198 991 ad
1217 939 1314 992 mor·

247 1035 349 1111 tem,
385 1017 443 1093 sed
470 1031 647 1108 oportet,
682 1034 722 1089 ut
748 1016 890 1089 interim
916 1015 1124 1089 retardasset
1149 1018 1191 1090 ad
1218 1040 1314 1114 eum,
1402 1044 1405 1073 ÷

247 1141 355 1210 quem
374 1115 532 1189 Christus
552 1118 601 1187 illi
621 1117 800 1212 delegarat
822 1118 1003 1190 comitem.
1057 1116 1150 1190 Nam
1170 1121 1315 1192 tuncil·
1387 1190 1394 1199 ,

242 1220 294 1293 lic
317 1215 469 1289 inlustris
489 1215 581 1286 isiae
605 1214 856 1288 delectamine
876 1213 926 1287 sui
947 1211 1033 1287 socii
1053 1236 1129 1289 non
1152 1219 1314 1292 retinens

244 1319 435 1414 gaudium,
452 1316 547 1388 inter
561 1314 742 1387 fraternus
756 1310 914 1428 populos
929 1317 1070 1405 publica
1086 1298 1321 1392 exultatione

245 1415 365 1490 sinui
381 1414 533 1506 Spiritui
548 1413 754 1503 serebatur,
777 1416 835 1499 qui
855 1417 981 1507 plenus
1000 1413 1130 1486 coelesti
1149 1415 1316 1490 constan·

246 1518 299 1588 tia
319 1515 464 1587 liberius
484 1516 747 1604 proclamabat:
774 1511 1150 1604 Traditoresvenite‚
1177 1514 1314 1590 salvate

245 1610 392 1688 vestrae'
401 1613 546 1686 unitatis
571 1613 751 1688 insaniam.
804 1611 870 1683 C'
856 1634 913 1706 jus
934 1612 977 1685 ad
999 1624 1134 1689 vocem
1151 1612 1315 1689 Proco'n·

245 1713 298 1788 sul
323 1714 535 1787 furibundus
563 1711 745 1786 auilorem
767 1712 933 1786 clarioris
958 1710 1130 1787 instanter
1149 1711 1315 1867 οίιὶιίιιιιιΙ

248 1814 516 1887 conturbabat
506 1813 698 1902 inquirere

322 1911 393 1984 Sed
412 1932 487 1984 non
511 1911 659 1982 deerant
675 1904 910 2001 Traditoier,
937 1910 996 2002 qui
1019 1911 1149 1985 milites
1171 1912 1315 2007 praces-

248 2009 385 2099 sissent:
412 2031 458 2083 ex
482 2010 609 2102 quibus
626 2008 738 2083 statim
755 2010 899 2085 ministri
918 2012 978 2103 ipsi
996 2008 1152 2109 sacrilegi
1172 2015 1217 2085 de
1236 2033 1314 2088 uno

246 2113 393 2186 minime
411 2109 542 2200 satiati,
570 2110 603 2181 dr
623 2110 771 2185 alterum
790 2109 1012 2183 tradiderunt
1033 2114 1186 2204 propriis
1204 2115 1316 2213 rpani·

247 2212 316 2282 bus
341 2210 496 2283 similiter
519 2208 714 2300 tibimiri,
749 2224 789 2282 ut
813 2224 953 2304 patrum
981 2210 1123 2285 illoi'um
1150 2208 1318 2286 mensura

246 2311 351 2404 super
372 2311 454 2382 illos
475 2308 592 2402 pollet
613 2308 829 2383 manifestius
845 2310 997 2403 impleri.
1050 2308 1272 2383 Continuo
1259 2330 1316 2402 Ju-

247 2409 320 2481 dex
345 2410 580 2482 vehementer
601 2408 765 2482 incensus
786 2425 931 2482 remoto
954 2410 1038 2496 illo,
1073 2428 1178 2499 quem
1202 2413 1313 2503 paulo

249 2523 333 2581 ante
358 2512 573 2600 torquebat,
601 2511 638 2580 in
659 2508 756 2579 bunc
775 2508 952 2579 contorsit
975 2505 1111 2598 aerini,
1139 2508 1237 2598 quod
1257 2506 1314 2580 su·

247 2610 369 2680 rebat:
397 2608 490 2698 quasi
513 2610 572 2698 qui
590 2627 696 2677 unam
713 2610 867 2679 necdum
884 2603 1088 2697 digesserat,
1116 2604 1316 2682 &alteram

247 2708 463 2796 conciperet
495 2706 735 2778 iracundiam..
783 2704 1015 2795 Repetebant
1045 2704 1175 2777 iterum
1207 2704 1316 2779 furia·

245 2807 336 2875 riam
363 2804 544 2896 defatigati
566 2817 752 2883 tortores,
785 2822 937 2892 quorum
965 2797 1141 2895 laisajam
1168 2805 1316 2881 brachia

245 2899 404 2975 faciebat
421 2901 494 2973 sola
510 2901 699 2972 crudelitas
718 2901 883 2974 fortiora.
936 2824 1141 2975 Ιιιίειιιι
1114 2903 1316 3003 itemtideru
1381 2918 1384 2925 ’

248 2999 370 3073 classis
382 3001 441 3074 illa
462 3003 691 3073 carnivorum
715 3002 926 3074 violentiam
953 3003 1240 3121 plumbatorum,
1275 3004 1313 3078 dt

247 3114 347 3172 totas
365 3098 461 3172 uires
477 3102 729 3193 imponderans
748 3100 872 3197 egestis
893 3100 1023 3174 nisibus
1039 3105 1195 3199 gementi
1213 3104 1316 3179 rabie
1339 3110 1342 3121 “

247 3198 485 3294 grassabatur,
512 3201 604 3291 quasi
618 3198 708 3294 ipsa,
727 3199 853 3316 quod
843 3216 1096 3299 inrogaverat,
1115 3216 1315 3296 pateretui·

248 3299 375 3398 Qualis
395 3299 511 3371 suerat
527 3299 729 3374 sustinentia
749 3302 935 3418 patientis,
962 3302 1022 3374 ubi
1040 3306 1206 3399 gemebat
1224 3300 1316 3397 gras·
1325 3306 1328 3311 ⁴

245 3396 337 3470 satio
358 3397 555 3471 saeuientis!
582 3400 651 3471 Sed
666 3421 733 3472 nec
748 3403 783 3472 in
806 3400 965 3474 secundo
979 3394 1161 3493 permissus
1179 3396 1230 3473 est
1244 3401 1331 3474 dia-¹

209 3522 211 3527 ’
246 3496 355 3570 bolus
374 3496 552 3591 superare,
575 3497 851 3587 qulavidioriam
868 3499 1017 3587 Christi,
1037 3521 1114 3589 quae
1132 3501 1315 3593 fervebat,

246 3595 300 3669 sas
318 3618 394 3668 non
417 3611 516 3688 erat,
548 3597 584 3668 in
604 3598 721 3687 aliquo
739 3597 839 3690 posse
856 3591 1107 3670 succumbere:
1147 3597 1317 3690 Denique

245 3695 294 3768 sic
306 3694 431 3768 'rursus'
445 3696 631 3813 postquam
649 3698 839 3785 plumbatis
853 3697 942 3768 nihil
957 3697 1105 3769 valuere
1119 3707 1317 3787 tormenta,

245 3794 404 3869 similiter
420 3799 537 3890 virgas
553 3794 737 3867 admouit
728 3797 926 3869 immanitas
940 3792 1093 3876 furiosa,
1107 3806 1148 3866 ut
1161 3795 1196 3868 in
1211 3798 1316 3879 nullo
1374 3850 1380 3857 -

247 3895 376 3986 dispari
397 3916 528 4009 genere
549 3895 749 3967 tolerantia
770 3892 1013 3986 discreparent
1036 3892 1193 3968 coelestes
1214 3896 1320 3971 armi·

246 3996 345 4087 geri,
374 3994 433 4064 δι’
424 4017 470 4068 m
477 3996 578 4069 nullo
594 3994 778 4085 videretur
792 3992 904 4070 hostia
919 3995 1049 4070 leniori
1064 3993 1239 4091 supplicio
1253 3992 1382 4077 rui·

247 4092 363 4188 tigeri.

294 4186 514 4288 OptatiAsri
526 4184 662 4362 sormi,
887 4282 892 4292 Ι
919 4196 965 4305 Q
1059 4168 1063 4175 ι
1169 4182 1324 4277 Lanit-
