3200 4784
506 377 651 469 248
944 345 969 372 ³
1000 370 1659 452 Moeranum-ra
1694 371 2122 450 Vir-rena

513 556 651 627 qua
682 534 1017 629 dignatus
1053 533 1157 608 est
1196 532 1513 607 Christus
1567 547 1688 606 tot
1730 533 2070 607 exhibere
2118 519 2510 628 massnalia!
2593 530 2668 608 Ο

426 707 430 712 .
510 635 1004 723 felix'exitus,
1059 636 1175 723 qui
1221 636 1481 706 talibus
1526 634 1873 727 contigit,
1928 651 2135 724 quem
2178 655 2308 726 pro
2355 636 2670 709 illorum

513 737 789 815 meritis
818 736 1034 806 tantis
1060 736 1446 806 virtutibus
1474 732 1891 805 decoravit!
1931 734 2002 806 in
2036 733 2451 807 devotione
2477 756 2671 810 con-

512 834 809 922 stantia,
876 834 949 905 in
984 832 1355 925 ‘paffiiione
1400 831 1838 930 tolerantia,
1903 834 1977 906 in
2023 850 2264 907 morte
2308 832 2668 929 viEtoria,

512 935 930 1014 miraculum
962 933 1036 1004 in
1073 929 1451 1027 sepultura.

660 1034 782 1106 Ad
816 1031 954 1103 isos
985 1051 1220 1125 nunc,
1255 1031 1578 1122 Fratres,
1632 1030 1883 1105 cuneta
1906 1032 2051 1123 J'am
2085 1033 2435 1124 redeunt,
2491 1054 2666 1125 quae

513 1151 660 1205 vos
716 1131 802 1204 ad
856 1150 1074 1226 regna
1129 1130 1437 1206 coelestia
1474 1130 1959 1222 deduxerunt.
2091 1133 2255 1205 Vos
2318 1136 2671 1224 exempla

500 1229 645 1305 'ista
674 1232 1166 1322 compellunt,
1221 1251 1372 1322 quae
1405 1230 1570 1303 illos
1606 1233 1839 1323 primo
1876 1251 2004 1324 per
2040 1251 2180 1304 vos
2221 1232 2316 1305 ad·
2343 1232 2475 1305 has
2505 1234 2674 1330 glo·
2755 1279 2762 1320 2

515 1333 658 1404 rias
704 1325 1231 1423 compulerunt.
1341 1328 1727 1426 Magistros
1766 1351 1908 1404 vos
1946 1331 2083 1403 illis
2130 1330 2673 1420 confeffionum
2757 1333 2762 1378 ³

517 1430 925 1521 frequentia
974 1429 1240 1502 crebris
1289 1431 1755 1522 opinionibus
1797 1429 2119 1512 fecerat,
2173 1432 2238 1503 ἃ
2284 1429 2412 1523 ips1
2461 1451 2675 1505 nunc

518 1530 738 1603 vobis
787 1529 876 1602 de
923 1531 1270 1620 martyrio
1320 1529 1722 1626 suggerunt.
1832 1529 2168 1602 Similiter
2216 1529 2673 1606 documenta

519 1627 758 1702 vestra
809 1649 948 1710 vos
1009 1628 1525 1717 adhortantur,
1593 1648 1748 1720 quae
1797 1630 1982 1701 alios
2036 1630 2415 1702 adhortata
2471 1628 2670 1707 sunt.

519 1728 877 1801 Tendunt
903 1727 988 1799 ad
1021 1748 1158 1799 vos
1192 1749 1232 1799 e
1264 1730 1447 1800 coelo
1470 1730 1613 1820 jam
1640 1730 1955 1822 brachia,
1982 1731 2449 1822 opperientes
2483 1744 2673 1804 tem-

521 1826 700 1923 p‘us,
745 1847 893 1918 quo
927 1828 1138 1926 vobis
1175 1843 1583 1901 occurrant.
1652 1827 2047 1921 Properate
2074 1831 2450 1925 gnaviter,
2487 1849 2673 1904 con-

525 1928 797 2001 currite
839 1929 1298 2031 pertinaciter
1327 1981 1353 2019 ,
1408 1926 1819 2027 exspec'mnt
1866 1928 2248 2000 vobiscum
2303 1926 2511 2002 fimul
2553 1949 2676 2003 ca-

525 2046 702 2121 pere
728 2028 1177 2120 dignitatem,
1249 2025 1373 2098 Eia
1401 2031 1623 2123 agite,
1654 2026 1936 2102 Fratres
1954 2081 1979 2120 ,
2016 2029 2416 2101 accelerate
2443 2049 2675 2119 quan-

530 2127 772 2202 tocius
797 2141 955 2217 „ut
996 2125 1062 2196 δι
1101 2125 1189 2198 de
1220 2129 1437 2198 vobis
1472 2145 1621 2199 non
1658 2128 1861 2200 aliter
1893 2129 2343 2223 gaudeamus.
2441 2126 2675 2202 Inve-

527 2227 682 2301 niat
717 2225 903 2316 apud
940 2244 1080 2296 vos
1113 2226 1383 2298 reditus
1422 2226 1710 2308 noster,
1779 2229 1970 2300 unde
2018 2227 2409 2324 glo-fetur,
2481 2227 2673 2301 sicut

532 2324 603 2398 ἂ
648 2325 738 2397 de
791 2325 896 2397 his
933 2322 1215 2399 seceffio
1258 2324 1494 2401 nostra
1531 2324 1778 2399 sortita
1822 2325 1924 2398 est
1959 2327 2210 2421 gaudia
2244 2326 2673 2422 gloriarum.

529 2424 672 2498 Sed
716 2439 969 2498 euntes
1006 2425 1093 2517 ad
1137 2439 1409 2517 tropaea
1439 2423 2128 2504 vestra-veniamus:
2192 2440 2277 2500 ut
2308 2425 2491 2498 ficut
2531 2445 2675 2498 vo-

528 2515 642 2599 bis
714 2526 970 2598 horum
1039 2522 1374 2599 victorias
1441 2528 1973 2617 nuntiavimus,
2049 2525 2143 2598 sic
2201 2522 2671 2617 postmodum
2721 2549 2726 2556 ·

527 2622 804 2739 vestras
862 2625 1002 2700 huc
1053 2623 1141 2700 ad
1189 2623 1690 2723 Carthaginem
1734 2623 2079 2699 secuturis
2145 2625 2422 2699 caeteris
2481 2645 2674 2702 nun-

530 2734 818 2798 tiemus.
