3200 4784
402 425 464 481 na
487 401 895 485 Donsrransnusr
919 404 1180 485 llrsrorirs.
1206 376 1209 381 ⁵
1253 418 1332 509 329·

260 577 331 668 378
356 567 432 642 Ubi
444 579 607 658 querunt
619 564 831 677 Donatista,
845 580 966 641 utrum
976 564 1185 643 Cecillanur
1198 569 1242 644 rb
1255 568 1323 651 illu
1400 564 1410 590 ⁸

386 666 647 758 Episcooorum
662 666 801 759 jndicio
821 666 1067 760 appellaverit

260 790 332 868 379
360 765 632 839 Cathollcorum
655 764 885 859 prosecutio,
911 764 1328 855 qur'destrutrurnonas

382 864 540 938 tistarum
568 878 726 957 utroque
753 864 867 938 modo
891 860 1119 955 Concilium,
1145 867 1220 940 sive
1240 883 1326 946 ante

381 964 526 1054 facium,
543 962 594 1037 est
613 984 717 1056 quem
732 964 775 1037 nd
791 962 1048 1057 Imperatorem
1057 965 1241 1039 Cuciliani
1258 972 1327 1043 cri·

381 1068 480 1139 mina
493 1065 742 1154 mitterentur,
758 1064 840 1136 srve.
850 1060 975 1156 postea
991 1082 1245 1161 congregatum
1259 1068 1324 1155 est.

262 1174 336 1263 380
360 1162 623 1254 Interlocutio,
641 1183 717 1254 quae
734 1160 961 1235 aDonatistis
975 1165 1088 1262 exigit
1102 1164 1326 1261 responderi,

383 1278 508 1337 utrum
529 1278 613 1335 ante
632 1260 895 1336 accusationem
911 1260 1114 1358 Cecilisni,
1138 1262 1327 1361 inpostea

283 1404 286 1411 ·
389 1363 475 1435 illud
495 1361 604 1435 fuerit
622 1360 826 1437 Concilium
847 1362 1080 1441 celebratum.
1180 1388 1183 1394 ·

264 1472 333 1559 381
363 1461 630 1535 Donatistarum
644 1461 687 1534 ad
700 1460 763 1533 ista
777 1458 990 1554 responsio..
1072 1512 1076 1517 -
1181 1484 1185 1493 ·
1312 1488 1316 1495 ·

266 1574 338 1665 382
364 1560 635 1636 catholicorum
648 1558 875 1653 prosecutio,
892 1576 962 1653 quc
975 1558 1228 1656 postulantes,
1247 1584 1327 1656 qun

389 1660 464 1733 atla
481 1659 574 1751 sunt,
592 1658 715 1755 poster
731 1658 891 1747 recitari,
904 1673 945 1731 ut
963 1660 1173 1735 cecilianus
1187 1662 1329 1738 absolu·

353 1770 357 1777 '
388 1776 469 1853 tus,
494 1757 769 1851 &accusatores
793 1758 871 1852 ejus
887 1757 1088 1835 doceantur
1109 1760 1217 1837 fuisse
1232 1765 1330 1841 dens·

387 1861 474 1935 nati.
1007 1928 1010 1933 .

265 1968 335 2059 383
363 1959 575 2033 Prosecutlo
598 1956 890 2049 Donatistarum,
921 1978 991 2049 qua
1013 1960 1329 2043 voluntledlione

388 2058 586 2133 monstrare
614 2056 882 2131 consuetudinis
910 2056 980 2133 elle
1003 2060 1202 2155 majorum,
1227 2062 1330 2152 quod

389 2156 635 2236 Ecclesiastico
647 2158 784 2252 judicio
797 2154 931 2230 Consul
946 2178 1021 2232 non
1036 2158 1079 2231 fit
1094 2157 1302 2254 adscriptus.

263 2267 335 2358 384
361 2257 435 2333 Ubi
455 2258 635 2333 Catholici
659 2258 804 2349 dicunt,
821 2257 866 2329 ad
879 2255 1016 2333 causam
1035 2278 1111 2333 non
1126 2264 1328 2356 pertinere,

388 2359 639 2451 quod'volunt
653 2359 773 2452 legere
787 2355 1001 2434 Donatistae.-

264 2467 335 2556 385
363 2459 620 2551 interlocutio,
631 2478 707 2548 quae
718 2457 929 2531 Catholicos
939 2468 1190 2545 percontetur,
1202 2468 1329 2532 utrum

388 2560 475 2633 illud
492 2559 718 2650 decretrum‚
738 2554 838 2643 quod
852 2552 926 2627 fine
941 2551 1097 2632 Consule
1109 2554 1180 2650 est,
1196 2553 1330 2643 ,falsum
1398 2582 1401 2589 ·

390 2655 550 2730 ellenon
570 2653 781 2729 existiment.
901 2646 906 2663 ¹
1013 2720 1016 2729 ,
1168 2708 1178 2739 ,.

269 2759 341 2851 386
368 2754 641 2828 Catholicorum
660 2752 704 2823 ad
719 2749 783 2822 ista
797 2747 991 2843 responsio.
1290 2808 1293 2813 .

269 2867 338 2954 387
366 2851 613 2951 interlocutio
622 2852 765 2941 jubens,
784 2866 838 2942 ut,
859 2849 1149 2941 quaeintertupts
1167 2851 1332 2945 primitus

392 2952 557 3041 fucrant,
583 2950 792 3026 recitentur.

271 3061 339 3150 388
365 3052 439 3126 Ubi
464 3046 660 3121 Donatistae
681 3048 768 3121 illud
783 3045 1007 3139 Concilium,
1034 3048 1133 3141 quod
1150 3046 1333 3125 Caeciliani

392 3154 619 3225 damnatores
648 3150 805 3222 invicem
834 3147 892 3221 sua
917 3150 1062 3223 crimina
1089 3146 1333 3235 donaverunt,

390 3251 476 3322 ideo
496 3265 650 3343 arguunt
669 3247 845 3338 falsitatis,
872 3245 953 3338 quia
973 3246 1103 3320 'contra
1118 3246 1334 3323 Ecclesiasti-

391 3370 472 3421 cum
484 3347 776 3444 &Apostolicnm
795 3366 933 3421 motem
945 3344 1079 3422 Consul
1096 3346 1253 3437 adjedtus
1267 3346 1331 3425 est.

271 3459 340 3548 389
368 3446 577 3522 Prosecutlo
592 3446 864 3520 catholicorum
881 3444 1076 3538 postulans,
1094 3460 1135 3517 ut
1147 3445 1333 3538 superfluis

392 3549 582 3638 amputatis
609 3567 653 3618 ee
673 3546 767 3642 gesta
787 3547 1008 3638 recitentur,
1042 3541 1169 3638 quibus
1192 3543 1336 3633 absolun,¹

392 3661 451 3719 tus
470 3642 679 3720 Caecilianus
694 3643 795 3737 poffit
815 3641 966 3720 ostendi.

272 3767 344 3850 390
369 3744 443 3818 Ubi
460 3743 690 3817 contendunt
706 3740 917 3828 Donatistae,
939 3739 1335 3819 EcclesiasticiaConci·

394 3846 450 3920 liis
470 3842 615 3917 adscribi
631 3839 822 3916 Consulem
839 3861 913 3913 non
930 3840 1069 3921 solere,
1095 3840 1128 3913 dt
1147 3842 1220 3923 laoc
1237 3844 1337 3944 flagi.

397 3955 477 4023 tant
495 3941 693 4038 exscriptis
711 3940 899 4016 dominicis
918 3941 1130 4039 approbare.

778 4150 781 4155 '
801 4098 845 4221 X¹
865 4156 885 4237 ς
1146 4104 1331 4237 ὯΝᾺΧ
