3200 4784
394 481 433 504 ,,
543 389 1065 480 trinominem.
1167 369 1337 501 ,'1,3
1407 423 1409 428 -

273 566 385 662 effer,
407 565 545 659 semper
563 560 716 639 amicitia
733 558 900 650 meritum
914 556 1013 634 suum
1038 557 1074 631 dt
1090 555 1244 640 nudum
1265 567 1341 650 exi.

273 691 361 769 gere
373 652 548 742 debebat.
601 664 723 759 Quare
740 663 776 732 in
797 680 877 731 eum
895 658 1020 751 postea
1034 661 1255 739 vindicatum
1274 666 1339 764 est,

260 767 378 862 ,quod
391 765 568 858 offendit,
576 782 702 838 nonne
715 776 757 832 ut
770 756 1019 832 ostenderetur
1029 759 1112 832 leve
1121 759 1222 837 fuilse
1237 766 1341 864 illud,

276 868 380 962 quod
391 869 503 939 iratus
517 859 729 938 admiserat?
762 857 840 930 Lex
853 860 890 929 in
905 858 990 931 Deo
1008 856 1088 932 sana
1105 858 1174 933 fuit
1193 864 1228 937 dt
1245 866 1347 961 post-t

276 963 385 1061 quarn
405 969 449 1041 ab
468 965 616 1039 homine
635 955 716 1036 cuin
733 960 863 1032 tabulis
873 958 1019 1053 lapideis
1030 957 1138 1034 fratta
1149 960 1212 1056 est,
1227 961 1343 1041 devu·
1418 1038 1422 1056 ,

277 1071 335 1162 tio
351 1087 429 1159 quae
449 1051 494 1140 ab
509 1063 657 1144 homine
673 1060 894 1150 debebatur,
919 1059 981 1132 ubi
1001 1060 1159 1142 exhibita
1176 1061 1341 1164 nonest,
1400 1133 1403 1144 .

277 1165 431 1260 Moyses
451 1165 547 1238 illam
565 1180 706 1256 poenanr
728 1157 879 1247 meruit,
911 1169 953 1229 ut
972 1160 1093 1234 medio
1117 1162 1246 1238 itinere
1263 1187 1343 1239 mo·

276 1283 453 1357 reretur,
467 1285 514 1338 ne
532 1276 660 1335 terram
681 1255 918 1351 promillionis
938 1257 1108 1337 intraret:
1140 1266 1237 1339 unde
1255 1286 1344 1340 con·

279 1365 349 1442 stat
372 1347 451 1440 nnn'
469 1381 634 1458 magnum
654 1353 967 1471 peccatumpoffe
987 1366 1210 1478 computari,
1244 1360 1344 1456 quod

280 1459 993 1659 l?tltilltl‘ttlltilllltllf
1015 1466 1346 1651 lltlllllltff
1407 1515 1413 1534 ’

280 1667 585 1757 nionemsnegare
605 1653 806 1751 potuiffet?
833 1654 931 1749 Quid
948 1656 973 1730 ss
992 1657 1026 1730 δι
1048 1659 1108 1756 illa
1126 1662 1355 1755 consequen-r

281 1765 335 1836 tia
358 1763 523 1854 exempla
543 1769 813 1853 proponerent,
839 1756 1026 1845 inquibus
1051 1761 1208 1855 legitur,
1241 1767 1346 1837 inno·

281 1875 372 1933 vata
388 1863 473 1952 lex,
500 1879 582 1934 cum
598 1857 791 1931 haberetur
815 1854 853 1926 in
874 1873 977 1947 arca,
1011 1856 1044 1928 ἃ
1066 1864 1221 1952 populus
1241 1861 1359 1938 lsrael.
1414 1867 1416 1872 ’

257 2005 266 2024 ι
283 1961 324 2034 in
340 1960 465 2052 praelio
484 1960 704 2031 vinceretur.
756 1952 834 2026 Lex
853 1971 929 2044 quae
949 1955 988 2026 in
1010 1976 1092 2031 arca
1112 1962 1262 2034 consilio
1280 1983 1348 2056 po·

282 2062 454 2155 pulorum
471 2058 510 2130 in
523 2053 654 2132 hostes
678 2054 783 2126 allata
807 2051 880 2145 est,
907 2073 991 2144 quae·
1000 2058 1044 2130 ab
1063 2058 1143 2149 ipsrs
1160 2061 1349 2155 presbyte-

284 2160 335 2232 ris
354 2155 389 2232 dr
408 2157 547 2232 ceteris
569 2151 651 2228 filiis
668 2151 772 2228 lsrael
792 2152 937 2227 defendi
958 2174 1035 2229 non
1059 2161 1209 2254 potnit,
1230 2161 1263 2232 dr
1283 2162 1351 2235 ini·

284 2258 388 2333 micis
414 2255 466 2330 est
489 2253 643 2346 tradita,
670 2254 753 2327 dum
776 2254 893 2326 minut
917 2250 968 2326 est
991 2273 1193 2349 reportata:
1219 2261 1352 2335 tradita

283 2362 389 2452 lege,
423 2357 483 2447 qui
502 2353 731 2430 adferendam
753 2352 940 2445 dixerant,
966 2352 1137 2451 fugerunt
1155 2360 1289 2449 timidi,
1316 2361 1352 2433 dt

287 2477 366 2531 non
386 2457 553 2551 leguntur
574 2451 700 2546 postea
720 2454 758 2525 in
783 2450 941 2526 vindicta
964 2456 1096 2547 aliquid
1114 2457 1206 2549 pali.
1270 2457 1307 2530 Si
1330 2479 1352 2534 a

287 2558 497 2652 parentibus
521 2553 648 2628 vestris
670 2552 758 2634 hac,
769 2554 864 2625 ratio
886 2552 1115 2645 redderetur,
1143 2557 1221 2645 quis
1245 2577 1353 2631 cosa

279 2657 550 2736 ,communione
565 2650 811 2820 suarepelffire
823 2648 1022 2750 potuilleti
1049 2654 1148 2752 Quid
1167 2653 1192 2726 li
1208 2675 1276 2728 nec
1292 2657 1354 2730 illa

257 2799 260 2803 -
291 2755 455 2846 exempla
473 2750 663 2828 tacuiffent
685 2749 742 2820 Pn
771 2748 869 2841 cipes
890 2746 1030 2841 uestri,
1072 2754 1200 2845 quibus
1222 2755 1353 2850 legitur

291 2852 432 2927 Baruch
450 2852 580 2925 librum
599 2847 687 2943 legis
712 2866 818 2937 quem
841 2868 886 2922 ex
904 2868 970 2921 ore
983 2849 1144 2943 Jeremiae
1160 2852 1354 2946 Prophetae

294 2963 509 3045 exceperat,
534 2944 713 3021 tradidille
738 2944 858 3019 scribae
875 2945 1000 3041 Judin,
1028 2950 1062 3024 &
1088 2973 1109 3024 a
1133 2953 1353 3048 principibus

290 3052 401 3146 Regis
417 3048 545 3142 jussum
567 3045 656 3140 effe,
682 3046 774 3119 ut&
793 3045 866 3139 ipse
882 3046 1042 3143 Baruch,
1070 3051 1130 3143 qui
1146 3068 1354 3147 exceperat,

294 3151 512 3243 &jeremias
527 3167 592 3242 per
610 3167 713 3239 quem
726 3148 828 3220 Deus
842 3148 987 3228 locutus
1005 3164 1107 3243 erat,
1134 3149 1301 3248 fugerent
1321 3153 1356 3227 br

294 3247 477 3326 laterent?
512 3248 682 3343 Jeremias
705 3243 879 3338 dictabat,
904 3246 1045 3322 Baruch
1063 3249 1229 3343 tradidit,
1255 3254 1358 3350 fuge·

294 3347 519 3439 rantambo,
545 3348 589 3420 ad
606 3346 769 3442 Joachim
794 3365 915 3440 regern
940 3349 1031 3421 liber
1057 3351 1184 3422 allatus
1202 3348 1274 3443 est,
1298 3352 1358 3443 qui

293 3449 377 3544 Rex
399 3465 480 3520 curn
501 3443 644 3536 ante,se
664 3464 732 3538 pro
752 3446 922 3535 qualitate
943 3450 1119 3539 temporis
1141 3443 1359 3541 frigidaru-

296 3552 366 3623 lam
381 3542 560 3620 babuillet
579 3544 786 3634 ardentem,
812 3543 994 3618 &librum
1013 3566 1033 3616 a
1053 3546 1159 3637 Judin
1177 3546 1289 3619 scriba
1304 3567 1360 3620 re·

297 3650 447 3721 citatum
460 3663 538 3719 non
551 3644 706 3716 libenter
721 3639 927 3730 audivisset,
937 3640 1087 3719 subinde
1104 3642 1283 3724 concisum
1299 3645 1362 3721 mi·

293 3747 451 3821 nutatim
473 3742 614 3840 ignibus
628 3744 850 3834 imponebat.
901 3738 951 3813 Et
969 3763 1046 3815 non
1064 3744 1176 3816 iratus
1195 3743 1245 3818 est
1257 3744 1360 3821 Deua

299 3848 363 3919 vel
378 3847 563 3941 Jeremiae,
590 3842 650 3933 qui
673 3840 835 3935 fugerat,
861 3844 924 3916 vel
942 3840 1106 3935 Baruch,
1134 3844 1294 3936 quicum
1314 3866 1362 3919 eo

299 3945 441 4041 fugiens
466 3942 678 4020 tradiderat:
719 3940 847 4030 quibua
872 3941 898 4015 n
923 3941 1024 4014 Deus
1048 3945 1159 4026 iratus
1187 3943 1291 4037 effer,
1306 3941 1364 4020 'ati

299 4043 522 4143 Prophetam
536 4046 691 4138 aliquem
707 4041 858 4118 alterurn
872 4042 1108 4138 loqueretura
1128 4065 1205 4138 non
1220 4046 1264 4118 ad
1279 4046 1365 4119 alta·

1221 4165 1315 4240 rum,
