3200 4784
313 382 321 398 ,
422 410 903 493 unDouaartranum
929 398 1181 487 Hmronta.
1271 417 1298 486 6

224 646 229 652 .
272 579 403 667 clelrae,
429 548 503 651 stre
525 575 569 648 de
588 573 852 661 Procuratore‚
879 572 938 660 qui
963 562 1237 664 hoc'nelciente
1262 574 1298 649 D

271 684 372 757 mitro
389 678 538 767 fecerit,
562 676 687 747 decem
704 674 872 744 librarum
893 672 967 742 auri
985 672 1169 765 mulctam,
1192 680 1249 746 vel
1268 701 1298 748 e2

233 840 242 849 .
271 783 382 872 lium,
407 778 431 851 li
454 777 496 857 fit
517 778 713 870 ingenuus,
740 769 923 851 subituro,
949 775 1131 847 metallum
1151 759 1241 846 vero
1258 799 1298 868 p(

273 881 448 967 verbera,
475 877 499 950 st
522 874 655 946 servilis
677 869 977 958 conditionum,
1005 873 1054 943 ita
1070 888 1112 944 ut
1130 895 1198 946 nec
1221 877 1298 968 inp

271 983 372 1054 blico
396 975 597 1049 convenire
624 976 738 1062 loco,
761 988 838 1057 nec
858 966 1037 1043 aedificare
1058 972 1120 1044 sibi
1148 971 1298 1046 Ecclesia

270 1101 340 1154 nec
366 1071 410 1149 ad
437 1072 800 1163 circumscriptionem
827 1072 943 1164 legum
968 1071 1157 1161 quidquam
1176 1077 1298 1146 medita

222 1232 224 1273 ÷
271 1181 439 1273 valeant,
472 1177 571 1249 omni
595 1173 692 1243 civili
715 1162 931 1260 &militari‚
967 1168 1152 1255 curiarum
1177 1176 1281 1246 etiam

224 1332 228 1355 .
270 1280 432 1372 judicum
448 1271 507 1347 sub
523 1262 650 1368 uiginti
664 1272 831 1348 librarum
852 1272 926 1340 auri
948 1271 1241 1345 interminatione
1257 1297 1296 1366 pr

221 1514 233 1584 l

224 1632 232 1682 i

221 1730 231 1783 l

225 1814 228 1823 ι

225 1368 229 1379 ’
251 1417 253 1420 -
272 1376 420 1453 hibendi
440 1372 584 1446 auxilio,
637 1372 707 1442 illis
726 1370 833 1442 etiam
854 1371 887 1440 in
907 1367 964 1442 sua
983 1373 1148 1444 omnibus
1168 1394 1293 1445 manen

272 1474 552 1562 busfirmitate,
580 1489 656 1561 quae
678 1469 723 1543 de
743 1470 865 1565 militia
887 1469 919 1538 u
942 1471 1098 1555 donandi
1119 1473 1200 1562 jure
1224 1495 1265 1543 ac
1288 1491 1298 1544 t

271 1575 436 1651 stamenti
457 1570 612 1645 fadione
634 1573 693 1642 vel
712 1571 862 1665 negandi
880 1571 1047 1660 penitus,
1082 1572 1143 1643 vel
1164 1573 1199 1643 in
1222 1588 1298 1644 cert

273 1679 339 1750 vix
362 1671 527 1745 concella
552 1667 742 1763 personas,
778 1667 964 1760 poeuisque
990 1669 1098 1742 variis
1124 1670 1169 1742 de
1193 1672 1298 1745 diver

273 1773 357 1848 suut
377 1771 551 1846 haereticis
571 1771 827 1863 promulgata,
863 1768 912 1838 ita
933 1781 1063 1840 ut'nec
1089 1769 1239 1862 speciale
1265 1795 1298 1864 qt

221 1929 223 1939 ⁴
275 1876 358 1946 dem
388 1869 602 1945 beneficium
630 1866 797 1941 adversus
826 1869 1075 1960 iegearvaleat
1099 1871 1298 1961 impetratur

274 1970 378 2047 Nulli
399 1971 648 2044 haereticorum
673 1969 787 2040 danda
812 1967 978 2057 licentia,
1006 1971 1065 2040 vel
1084 1970 1298 2065 ingenuosv

275 2071 403 2147 strvos
421 2071 608 2162 proprios,
637 2070 695 2158 qui
715 2067 1007 2141 orthodoxorum
1024 2067 1103 2143 sulit
1121 2072 1247 2144 initiati
1264 2095 1296 2146 m

274 2171 409 2259 storiis,
429 2169 471 2241 ad
488 2168 584 2241 suum
601 2165 715 2239 rursus
729 2166 900 2259 baptisma
916 2166 1133 2255 deducendi,
1160 2192 1228 2242 nec
1247 2195 1298 2245 ve:

274 2273 392 2361 illos,'
418 2280 515 2360 quot
531 2270 706 2360 emerint,
742 2270 803 2340 vel
823 2268 1119 2360 qualitercunque
1136 2271 1298 2342 habuerit

275 2371 433 2443 necdum
449 2368 516 2441 suae
532 2366 771 2461 superstitioni
785 2366 1247 2458 conjundosorohibendi,
1276 2369 1298 2441 C

276 2470 423 2551 tholicae
435 2468 528 2558 sequi
544 2468 753 2561 religionem
769 2464 945 2537 Ecclesrae.
999 2469 1109 2563 Quod
1127 2471 1185 2557 qui
1200 2469 1297 2541 fecer

278 2570 341 2639 vel
366 2586 447 2638 cum
470 2566 511 2637 fit
528 2568 731 2656 ingenuus,
753 2563 802 2641 „in
828 2561 862 2633 se
884 2559 961 2634 fieri
983 2560 1181 2655 pallusn't,
1215 2573 1298 2641 veli

279 2666 375 2738 filum
400 2682 475 2734 non
498 2662 686 2752 detulerit,
720 2662 830 2733 exilio
858 2682 898 2732 ac
925 2663 1048 2735 decem
1074 2665 1240 2740 librarum
1268 2691 1298 2739 at

278 2761 409 2838 mulcta
423 2757 663 2848 damnabitur,
685 2759 885 2833 testamenti
902 2761 1154 2838 &donationis
1171 2765 1298 2840 facien<

277 2865 423 2953 utrique
441 2861 646 2956 deneganda
662 2862 817 2934 licentia.
870 2862 961 2954 Quae
979 2866 1098 2936 omnia
1110 2867 1158 2936 ita
1173 2866 1297 2939 custod

279 2962 532 3050 decemimus,
569 2975 610 3031 ut
633 2963 719 3033 nulli
743 2961 902 3051 judicum
927 2963 1034 3033 liceat
1064 2963 1218 3038 delatum
1244 2970 1293 3039 ad'

278 3064 415 3137 crimen
431 3062 561 3134 minori
578 3075 638 3131 aut
653 3061 740 3131 nulli
755 3062 970 3134 coercitioni
986 3065 1171 3155 mandare,
1189 3067 1250 3139 nist
1270 3071 1298 3160 iq·

277 3165 316 3237 id
332 3165 405 3255 pati
418 3165 521 3253 velit,
539 3161 636 3251 quod
654 3160 986 3234 aliis-diffimulando
1005 3163 1227 3237 concesserit.
1257 3167 1298 3239 D:

235 3336 238 3341 ,
277 3283 335 3338 111.
351 3261 430 3338 Kal.
443 3261 526 3357 Jtut.
547 3257 824 3355 Constantinop.
841 3257 963 3336 Felice
980 3261 1014 3335 dt
1031 3263 1157 3340 Tauro
1171 3264 1266 3376 Cois.

685 3630 940 3665 ω’

686 3665 936 3687 m
