3200 4784
607 395 762 484 Luta
795 397 1029 498 oururpsi
1303 408 1347 500 83

225 600 230 608 ·
273 571 394 658 tatur,
415 577 459 634 an
477 557 559 654 post
571 558 790 634 Trinitatem
806 560 842 632 in
862 560 983 632 eadem
998 554 1179 632 Trinitate
1193 555 1266 632 hoc
1282 519 1349 636 ite·

272 681 353 748 rum
376 663 487 736 liceat
508 660 638 737 facere.
682 648 776 732 ¹Vos
798 659 937 750 dicitis,
962 665 1055 728 ticet:
1092 679 1158 732 nos
1180 661 1345 756 dicimus,

271 785 341 837 mu
366 761 451 834 licet.
506 762 603 834 lnter
625 759 698 830 sicar
723 759 901 844 vestrum,
934 759 1051 830 &nim
1072 761 1145 826 lter
1169 759 1346 854 nostruin,

270 859 455 954 nutant&
473 862 649 956 remigant
669 859 793 933 animae
809 859 1041 950 populo-un.
1094 853 1214 930 Nemo
1236 861 1345 938 vobis

273 961 428 1132 prodat,
463 981 571 1034 nemo
603 959 733 1033 nobis:
769 979 897 1032 omnes
929 956 1148 1031 contentiosi
1179 958 1345 1034 homines

296 1081 408 1135 uinus.
951 1069 957 1082 “

298 1159 305 1172 ”
350 1155 812 1260 Quaerendisuntjudices:
847 1153 1099 1244 srC'rrilliani,
1129 1153 1173 1226 de
1192 1167 1345 1244 utraque

273 1273 378 1352 parte
404 1257 479 1330 dari
504 1278 580 1328 non
601 1253 770 1350 possunt:
800 1256 881 1344 quia
904 1254 1021 1326 studiis
1042 1257 1174 1326 veritas
1196 1241 1346 1346 impedi·

268 1371 345 1434 tur.
398 1359 456 1458 De
473 1355 562 1428 soris
576 1374 672 1444 quar
688 1351 785 1425 udus
802 1352 851 1424 est
865 1355 993 1443 judex:
1022 1355 1043 1426 li
1063 1373 1238 1442 pipinus,
1266 1372 1345 1428 non

271 1455 522 1552 potestnolle
547 1451 742 1526 curistiana
766 1451 914 1526 secreta.
974 1455 1008 1524 si
1026 1453 1201 1547 judeus,
1229 1453 1345 1525 inimi·

267 1576 338 1632 cus
357 1553 408 1628 est
430 1553 616 1628 Christaui
640 1549 876 1642 baptismatis·
914 1573 1000 1648 ergo
1021 1555 1056 1624 in
1080 1555 1182 1624 terris
1209 1553 1253 1624 de
1276 1553 1344 1626 hac

269 1673 313 1728 te
331 1656 467 1728 nullum
481 1657 621 1744 poterit
637 1653 782 1740 reperiri
798 1651 989 1741 judicium,
1012 1653 1167 1746 decoelo
1186 1661 1339 1743 quaerun-

271 1755 340 1828 dus
358 1753 408 1825 est
420 1754 541 1843 judex.
590 1749 661 1824 Sed
679 1761 721 1840 ut
736 1751 819 1820 auid
835 1749 1007 1839 pulsamus
1024 1753 1065 1836 ad
1083 1755 1232 1841 coelurn,
1261 1773 1344 1826 cum

268 1853 467 1927 habeamus
483 1852 540 1922 liic
558 1851 595 1921 in
619 1851 671 1918 *iv
685 1849 817 1942 rng‹.lio
838 1845 1117 1920 testamentum?
1153 1854 1246 1946 Quia
1267 1853 1342 1940 hoc

269 1953 363 2024 loco
382 1946 478 2021 relic
492 1945 638 2040 potsunt
653 1959 796 2020 terrena
813 1944 1011 2018 coelestibus
1030 1947 1251 2038 comparari:
1266 1955 1344 2022 tale

244 2139 247 2144 Ι
272 2047 349 2139 est,
375 2048 475 2140 quod
493 2049 610 2138 quivis
633 2047 818 2120 hominum
841 2046 975 2118 habens
997 2045 1211 2136 ntrme'rosos
1229 2043 1343 2140 lilios,

272 2140 443 2238 otiandiu
457 2161 560 2240 pater
575 2145 725 2236 praesens
743 2145 815 2236 est,
833 2144 905 2237 ipse
920 2149 1070 2238 imperat
1083 2145 1244 2244 singulis:
1264 2165 1344 2221 non

271 2245 325 2324 est
344 2245 461 2320 adhuc
476 2243 708 2318 necessarium
726 2243 987 2321 testamentum.
1038 2245 1097 2320 Sic
1116 2243 1148 2319 dt
1169 2245 1343 2339 Christus,

271 2365 378 2440 quarn
401 2345 462 2418 diu
481 2342 631 2438 presens
651 2345 688 2418 in
710 2345 813 2418 terris
838 2343 907 2416 suit
931 2341 1115 2442 (utramuis
1138 2365 1207 2418 nec
1228 2347 1342 2419 modo

270 2445 383 2542 desrt)
402 2465 469 2536 pro
489 2459 657 2536 ternpore
678 2445 849 2536 quidquid
866 2439 1098 2532 necessarium
1117 2459 1213 2540 erat,
1241 2443 1345 2536 Apo·

271 2543 375 2620 stolis
389 2546 594 2637 imperavit.
635 2543 705 2615 Sed
720 2564 793 2634 quo
808 2544 921 2632 modo
940 2557 1101 2636 terrenus
1118 2557 1240 2633 pater,
1261 2563 1344 2617 cum

266 2631 309 2718 se
333 2645 369 2714 in
396 2639 560 2716 confinio
583 2639 727 2714 senserit
748 2643 899 2730 mortis,
926 2643 1055 2716 timens
1075 2643 1134 2738 n'e
1146 2640 1227 2732 post
1249 2661 1344 2716 rnor-

271 2739 481 2834 teipsum,
505 2757 611 2834 rupta
629 2761 738 2832 pace,
764 2741 906 2834 litigent
929 2739 1092 2828 fratres,¹
1106 2739 1273 2811 adhibitis
1292 2757 1346 2814 te·

270 2839 405 2929 stibus,
431 2843 660 2912 voluntatem
681 2837 773 2920 suain
797 2839 841 2910 de
864 2837 1012 2934 pedore
1030 2840 1209 2911 morituro
1230 2855 1344 2913 trans-

269 2937 346 3018 fert
363 2943 399 3013 in
417 2941 555 3013 tabulas
576 2939 636 3009 diu
657 2939 860 3011 duraturas:
887 2939 919 3010 a
938 2937 963 3030 sl
979 2935 1200 3034 sueritinter
1214 2937 1341 3012 fratre's

273 3041 598 3130 contentionem,
630 3057 708 3111 non
731 3039 804 3110 itur
834 3039 877 3112 ad
905 3041 1103 3128 tumulum
1136 3037 1195 3110 sed
1219 3039 1343 3130 queri-

270 3152 334 3214 tur
357 3139 627 3214 testamentum:
660 3141 694 3210 dt
718 3139 777 3228 qui
800 3139 835 3212 in
855 3141 995 3218 tumulo
1013 3137 1182 3232 quiescit,
1211 3141 1343 3212 tacitus
1377 3137 1383 3156 “

272 3239 320 3316 de
342 3239 472 3309 tabulis
499 3239 672 3329 loquitur.
725 3238 862 3316 Vivus,
889 3241 989 3331 cujus
1010 3236 1061 3311 est
1077 3237 1342 3332 testamentum,

270 3339 311 3422 in
327 3339 420 3408 coelo
434 3333 495 3410 est.
528 3335 627 3432 Ergo
640 3329 811 3409 voluntas
826 3339 923 3428 ejus,
945 3337 1097 3411 velutin
1111 3335 1342 3428 testamento,

269 3437 321 3514 irc
331 3437 369 3507 in
379 3433 579 3530 Evangelio
590 3440 796 3527 inquiratur.
818 3435 958 3510 Etenim
970 3437 1013 3508 de
1025 3433 1343 3528 praescientiaquae

268 3534 388 3612 'modo
405 3533 544 3624 facitis,
559 3535 632 3626 jam
650 3535 770 3608 futura
787 3534 1024 3625 conspexerat
1042 3531 1212 3606 Christus.
1265 3531 1344 3604 De·

267 3639 481 3735 niquarum
498 3635 640 3706 lavaret
655 3635 765 3723 pedes
782 3632 959 3725 discipulis
981 3631 1068 3720 suis,
1102 3631 1149 3704 sic
1166 3632 1214 3704 ait
1230 3627 1340 3705 Petro
1405 3683 1407 3690 -

268 3731 370 3812 filius
390 3731 483 3806 Dei:
507 3733 599 3826 Quod
614 3757 664 3824 ego
675 3733 782 3822 fario,
809 3750 847 3804 tu
865 3733 983 3820 nescir,
1006 3739 1083 3820 scier
1106 3747 1214 3799 autem
1295 3757 1341 3805 ea.

267 3829 467 3924 Dicendo,
486 3837 572 3904 Scies
581 3833 703 3928 paea,
723 3831 796 3904 hoc
813 3847 977 3925 tempora
995 3831 1206 3926 designabat.
1239 3829 1341 3924 Ergo

243 3927 368 4016 ¹‚inte'r
382 3946 532 4006 caeteros
546 3929 747 4006 testamenti
764 3931 907 4024 titulos,
925 3934 1022 4004 hunc
1038 3931 1180 4004 titulum
1194 3929 1239 4003 de
1252 3951 1342 4017 aqua

265 4027 473 4142 constituit.
524 4031 617 4114 Cum
630 4035 773 4112 lavaret
783 4030 896 4211 plpdes
914 4029 1089 4132 discipulis
1105 4029 1194 4134 suls,
1210 4042 1342 4200 {gen-

858 4155 882 4211 p
1032 4165 1037 4176 ·
1268 4145 1322 4199 sta
