3200 4784
591 402 741 482 Lmen
763 419 1011 484 cerritior.
1265 428 1334 510 109

264 567 326 646 bio
346 566 537 644 leuandum
557 566 636 659 est,
675 565 774 659 quod
794 568 885 642 tales
906 585 1019 659 usque
1039 563 1082 640 ad
1101 563 1334 649 nostratem.

266 691 365 768 pora·
382 670 525 743 minime
542 668 775 740 duraverunt
827 664 925 764 Ergo
942 667 1051 741 hodie
1066 672 1254 766 negotium
1268 693 1335 748 no-

266 790 358 844 vum
385 766 462 860 est,
496 768 580 840 dum
604 768 793 839 vobiscum
817 785 874 837 res
899 783 974 839 non
1002 787 1081 840 curn
1108 769 1177 842 illis
1196 771 1335 865 agenda

266 867 331 942 est
391 869 567 967 Quamvis
590 869 634 939 ab
658 865 738 958 ipsis
761 865 805 937 ad
825 885 895 938 vor
919 867 1087 938 videatur
1112 866 1334 946 ltaereditarla

265 969 406 1044 macula
429 966 498 1041 elle
517 963 727 1039 transmissa:
758 977 877 1038 tamen
899 969 935 1038 in
955 966 1028 1039 hoc
1045 967 1153 1039 titulo
1171 988 1247 1042 non
1266 990 1333 1064 po·

266 1067 367 1143 testis
389 1068 441 1139 rei
463 1065 533 1140 esse
557 1084 639 1138 curn
661 1065 821 1157 patribus
843 1063 992 1159 vestris,
1027 1063 1220 1142 secundum
1240 1071 1334 1160 judi·

266 1168 363 1240 cium
387 1165 481 1258 Dei,
512 1165 573 1257 qui
593 1166 740 1237 locutus
761 1161 813 1236 est
833 1183 897 1258 per
922 1159 1151 1240 Ezechielem
1171 1165 1335 1263 Prophe-¹

267 1281 343 1341 tam
367 1265 512 1340 dicens:
548 1267 671 1338 Anima
692 1268 883 1359 patrima
904 1262 965 1360 rfl:
998 1265 1037 1343 σ
1058 1273 1168 1336 anima
1176 1268 1247 1357 filii
1264 1292 1332 1342 mea

266 1366 318 1462 ιβ.
369 1370 574 1463 Anima-qua
584 1379 710 1461 peccat,
731 1363 795 1449 soso
808 1368 972 1458 punietur.
1024 1367 1116 1459 Quae
1136 1386 1191 1456 tes
1205 1367 1276 1458 jin
1295 1367 1332 1442 ἀ

269 1466 421 1558 antiquis
444 1464 570 1540 seculis
594 1465 631 1535 in
655 1461 736 1555 ipsis
757 1462 933 1536 natalibus
951 1464 1074 1536 mundi
1092 1466 1331 1560 comprobata

267 1563 343 1657 est,
375 1583 456 1638 nam
479 1583 556 1639 non
581 1563 755 1655 pertinuit
775 1562 819 1636 ad
840 1560 927 1636 Seth
948 1557 1060 1642 filium
1079 1561 1189 1650 Aue,
1218 1569 1330 1660 patria

267 1663 485 1740 admissum.-··
511 1662 582 1760 Sed
598 1683 646 1734 ne
662 1663 740 1753 quir
758 1660 855 1735 dicat
868 1664 940 1736 alio
956 1664 1045 1736 loco
1062 1659 1227 1757 scriptum
1244 1663 1330 1760 else,

266 1764 411 1837 dicente
425 1764 612 1854 Domum,
638 1762 723 1834 mosa
744 1777 874 1854 potrum
898 1785 999 1857 usque
1022 1769 1059 1832 in
1082 1782 1231 1862 quartana
1252 1786 1331 1862 pro·

234 1867 384 1954 -genr‘em
418 1864 642 1932 redditurum.-
689 1859 785 1933 illius
817 1858 899 1933 sunt
937 1863 1180 1956 proculdubio
1218 1867 1330 1939 ambe

268 1979 415 2048 vocea3
445 1958 510 2034 sed
533 1980 609 2034 non
635 1960 680 2033 ad
703 1979 813 2034 unum
837 1959 1012 2052 populum
1036 1959 1138 2035 sonat
1163 1977 1330 2074 utraque.

265 2054 383 2133 Prima
409 2058 461 2134 est
488 2080 553 2152 per
575 2057 733 2150 Moysen
758 2058 804 2132 ad
831 2075 969 2132 certum
994 2081 1106 2157 genua
1131 2061 1331 2142 hominnm.

265 2156 430 2232 Secunda
447 2178 513 2254 por
530 2155 759 2234 Ezechielem
775 2157 819 2232 ad
836 2160 986 2234 alterum
1002 2177 1113 2256 genus
1129 2163 1330 2242 hominum.

265 2254 336 2331 Sed
357 2276 438 2334 cum
463 2257 569 2332 sciret
586 2249 847 2350 Deus'Judaeor
871 2259 963 2352 apud
985 2259 1153 2335 Pontium
1177 2261 1330 2340 Pilatum

265 2355 513 2450 professuros,
543 2369 587 2430 ut
600 2359 785 2432 dicerent:
812 2363 950 2452 Sanguis
966 2360 1062 2456 liujus
1076 2363 1166 2457 super
1186 2387 1262 2451 nos,
1288 2362 1330 2441 σ
1390 2357 1392 2362 ’

261 2459 356 2552 super
362 2458 452 2549 fliius
464 2458 599 2554 nostros:
612 2457 658 2530 de
672 2455 891 2553 prescientia
901 2457 1001 2532 Deus
1012 2460 1103 2533 vidit
1114 2480 1183 2554 pro
1196 2461 1331 2558 magni·

264 2558 392 2630 tudine
413 2559 527 2650 culpae
545 2577 667 2650 parum
692 2555 793 2630 fuisse
816 2558 915 2650 quod
935 2557 1060 2631 dicturi
1079 2574 1204 2644 eranta
1237 2559 1330 2635 &ut

267 2658 561 2748 competentibus
578 2658 690 2751 poenis
714 2657 874 2729 lueretur
898 2655 1072 2740 offensio,
1104 2659 1183 2750 ipsis
1199 2659 1330 2752 Judaeir

266 2757 505 2829 comminatus
521 2754 592 2845 est,
614 2756 754 2827 dicent:
782 2759 825 2826 Sc
839 2757 1061 2850 matapanam
1075 2765 1219 2854 usquein
1235 2785 1329 2855 quar·

267 2869 333 2926 ram
347 2859 519 2952 progeniem
534 2856 750 2927 redditurum:
791 2851 891 2951 Ergo
907 2854 985 2927 hec
1001 2877 1079 2930 vox
1096 2857 1138 2930 ad
1156 2856 1252 2932 solos
1268 2859 1329 2952 Ju-

266 2955 363 3028 deos
384 2951 581 3046 specialiter
598 2954 767 3044 pertinet.
820 2951 1012 3046 Caeterum,
1028 2957 1087 3054 illa
1103 2959 1146 3032 ad
1164 2955 1330 3032 Christia-

264 3050 952 3247 tlt‚lllltltttl„little
969 3058 1276 3250 ltllltllt
1289 3080 1328 3234 'l

265 3252 352 3343 quid
367 3273 386 3324 a
400 3248 481 3326 filiis
498 3252 644 3328 forsitan
661 3252 896 3343 delinquatur.
948 3252 1193 3349 Temporibus
1212 3257 1329 3330 unita·

264 3353 332 3444 tit,
357 3349 534 3444 principes
551 3351 681 3445 uestri,
700 3352 766 3443 qui
786 3354 987 3445 probantur
1008 3353 1070 3427 ista
1088 3353 1229 3447 secisse,
1252 3355 1329 3447 jam

265 3471 287 3540 e
316 3447 413 3520 vivis
443 3447 690 3545 excesserant,
717 3451 832 3523 -vobis
859 3452 951 3541 quast
980 3454 1228 3527 haeretitariam
1254 3474 1328 3527 ma·

265 3549 664 3643 enimtestamento,
691 3569 795 3641 quarn
823 3550 919 3640 prius
939 3549 1039 3623 Deus
1063 3571 1084 3622 a
1109 3554 1217 3623 vobit
1242 3571 1328 3645 pro·

263 3648 426 3721 videntia
436 3647 495 3719 sun
508 3646 556 3720 fic
570 3649 692 3740 diluit,
720 3649 804 3722 dum
817 3650 910 3720 inter
923 3664 1041 3744 parrer
1055 3647 1090 3720 dr
1103 3647 1198 3722 filios
1215 3647 1327 3745 (sicut

263 3745 371 3839 supra·
383 3745 556 3844 diximus)
574 3745 761 3837 separauit.
812 3745 926 3842 Igitur
942 3750 1024 3840 quia
1041 3747 1181 3820 tradere
1198 3769 1327 3842 pecca·

262 3860 340 3921 turn
356 3844 425 3929 est,
450 3849 599 3920 videant
615 3860 781 3937 patenter
796 3845 926 3939 vestri,
953 3849 1037 3939 quid
1049 3849 1085 3921 in
1098 3848 1235 3941 judicio
1252 3849 1328 3924 Del

261 3943 524 4039 respondeant:
548 3943 706 4018 vestrum
732 3949 851 4018 tamen
871 3943 975 4041 (quia
993 3949 1070 4024 aliie
1097 3949 1334 4044 temporiltuc¹

261 4041 916 4145 cstit)peco'atumelieuouputeic
971 4083 973 4088 ·
1089 4091 1093 4098 -
1184 4087 1250 4221 ld
1329 4077 1339 4122 ε

1132 4169 1164 4226 a.
1202 4165 1274 4220 ne
