3200 4784
420 391 424 398 -
523 307 692 437 praeclnsa
712 337 773 410 libi
794 349 932 408 tantum
952 356 1108 420 nocere,
1136 304 1221 425 q¹uia
1240 338 1326 408 hoc
1348 352 1418 428 pot

522 441 684 534 incipiat.
741 435 810 507 Per
831 437 905 506 liaec
922 437 1015 508 enim
1037 434 1120 524 liet,
1148 449 1190 505 ut
1217 437 1319 506 velit
1347 438 1420 525 aliq

525 541 614 614 nari.
666 535 868 609 Declaratae
893 535 999 630 igitur
1020 537 1164 606 veritati
1189 533 1347 607 detedla
1374 535 1422 607 fal

525 637 732 714 summittat.
784 634 893 706 Unde
911 631 1098 706 universos
1118 633 1259 705 ordinis
1283 636 1422 725 viros,

527 741 636 812 etiam
659 733 881 826 fundorum,
915 732 1078 824 adores,
1111 731 1370 804 conductores
1396 749 1422 804 tr

528 839 685 921 divinae,
721 855 823 926 quam
859 835 963 906 etiam
996 835 1214 926 privatarum
1251 832 1422 927 polleffit

527 942 724 1025 nioresque
748 934 910 1008 omnium
934 937 1101 1005 locorum
1117 934 1231 1021 -hujus
1255 931 1375 1004 edieti
1404 957 1422 1005 a

529 1052 773 1122 commoneo,
808 1047 983 1124 quatenus
1006 1051 1183 1106 memores
1202 1032 1361 1126 legum,
1392 1035 1422 1105 di

530 1132 773 1209 estimationis
810 1133 1000 1222 salutisque
1026 1133 1179 1226 propriae
1207 1130 1420 1204 Donatista

530 1232 715 1306 denticula
738 1232 774 1301 in
801 1235 970 1302 omnibus
994 1233 1198 1302 civitatibus
1226 1231 1259 1302 dr
1291 1231 1398 1305 locis

531 1331 784 1422 contendant,
815 1329 863 1401 ita
888 1345 929 1402 ut
951 1327 1154 1421 Ecclefias,
1188 1349 1278 1419 quas
1311 1333 1371 1404 eis
1401 1331 1422 1406 h

532 1455 612 1507 mea
629 1434 762 1522 absque
779 1430 956 1520 Imperiali
971 1447 1154 1523 praecepto
1168 1450 1283 1519 usque
1302 1431 1353 1503 ad
1372 1433 1422 1504 dir

532 1533 591 1602 tiae
608 1529 748 1602 constat
765 1529 942 1618 indultas,
970 1527 1166 1601 Catholicis
1184 1529 1337 1601 tradere
1358 1531 1422 1604 srm

532 1633 635 1701 tione
655 1628 847 1718 festinent,
866 1631 901 1700 ni
916 1630 1052 1701 malunt
1074 1641 1132 1700 tot
1154 1626 1394 1703 sannionum
1417 1635 1422 1704 l

532 1729 651 1800 retiri:
683 1747 768 1817 quas
789 1727 954 1818 quidem,
988 1727 1012 1800 fi
1032 1727 1160 1798 unitati
1179 1725 1400 1802 Catholicae
1420 1770 1422 1790 ι

533 1829 739 1915 voluerint,
761 1845 889 1898 eorum
906 1825 974 1898 elle
989 1825 1039 1898 sat
1057 1841 1193 1912 certum
1207 1825 1269 1900 est.
1306 1871 1308 1876 -
1331 1831 1419 1920 Maj

534 1924 636 1998 causa
653 1939 760 2016 atque
776 1923 919 1996 solertia
933 1923 1013 2019 post
1026 1924 1199 1999 detedlam
1215 1927 1346 2000 modis
1360 1951 1422 2003 om

534 2039 646 2098 tatem
664 2022 1022 2118 superstitionemque
1038 2023 1243 2097 convidtam
1259 2041 1280 2097 ¹a
1301 2051 1422 2123 propr

534 2125 706 2196 facinoris
724 2123 930 2197 intentione
944 2125 1086 2215 depelli.
1139 2125 1186 2197 Hi
1205 2139 1356 2219 autem,
1381 2148 1422 2219 qr

535 2227 601 2295 tita
624 2225 739 2316 legum
765 2241 891 2296 eorum
912 2221 946 2294 se
968 2225 1118 2295 coetibus
1142 2225 1383 2318 miscuerint,
1415 2256 1422 2297 ι

534 2323 765 2415 intelligant,
799 2343 937 2413 poenam
958 2320 991 2395 se
1007 2321 1185 2446 lomperiali
1204 2327 1362 2396 arbitrio
1386 2349 1422 2420 pr
