3200 4784
608 371 755 498 98'
1332 391 1718 474 Opus-‘21
1783 389 2030 500 Arn-
2117 395 2122 400 '

617 561 710 638 de
752 555 1169 654 fragmentis
1220 556 1541 630 altarium
1588 551 1768 636 fasta
1826 555 1948 630 est.
1995 547 2002 556 '
2065 553 2136 628 Si
2184 555 2436 630 livoris
2471 557 2754 650 judicio

617 681 759 738 nos
824 658 1041 730 vobis
1102 651 1365 728 sordidi
1422 654 1899 747 videbamur,
1977 657 2422 746 quid‘vobis
2477 657 2754 735 fecerat

618 760 869 850 Deus,
904 756 1022 848 qui
1062 756 1231 828 illuc
1270 755 1601 827 invocari
1640 751 2175 828 consueverat?
2232 757 2425 852 Quid
2464 778 2598 832 vos
2637 762 2752 834 of-

576 859 947 940 -fenderat
970 853 1287 928 Christus
1310 907 1328 936 ‚
1369 854 1569 945 cujus
1611 855 1757 926 illic
1797 874 1926 945 per
1962 871 2158 926 certa
2193 872 2559 930 momenta
2589 881 2754 932 cor-

614 979 751 1055 pus
788 957 857 1030 &
891 954 1163 1051 sanguis
1196 951 1619 1026 habitabat?
1688 951 2320 1049 Quid-offendistis
2356 958 2568 1030 etiam
2605 981 2748 1036 vos

614 1058 793 1152 ipfi,
860 1068 945 1128 ut
990 1056 1109 1128 illa
1156 1055 1397 1126 altaria
1436 1051 1906 1148 frangeretis,
1975 1054 2050 1127 in
2097 1055 2350 1144 quibus
2393 1071 2562 1136 ante
2609 1080 2752 1132 nos

616 1176 747 1256 per
792 1158 1009 1250 longa
1056 1165 1464 1245 temporum
1508 1149 1765 1244 spatia,
1818 1151 2046 1225 sanae
2093 1153 2219 1248 (ut
2266 1157 2751 1256 arbitramini)

618 1250 1027 1331 obtulistis?
1082 1251 1271 1326 Dum
1302 1253 1514 1345 impie
1545 1250 2036 1345 persequimini
2073 1261 2320 1328 manus
2357 1256 2630 1329 nostras
2665 1261 2749 1331 il-

466 1441 471 1446 ,
612 1358 756 1445 lic,
802 1355 929 1427 ubi
969 1372 1237 1444 corpus
1282 1350 1537 1424 Christi
1580 1352 1985 1446 habitabat,
2043 1351 2296 1430 feristis
2339 1353 2406 1426 δι
2454 1356 2749 1435 vestras,

610 1457 785 1534 Hoc
827 1452 1053 1527 modo
1088 1451 1375 1548 Judaeos
1407 1450 1569 1523 estis
1598 1451 1878 1525 imitati.
2014 1449 2124 1524 Illi
2165 1455 2566 1547 injecerunt
2601 1479 2750 1530 ma-

598 1569 743 1634 nus
782 1551 1069 1626 Christo
1110 1555 1185 1622 in
1223 1570 1472 1622 cruce:
1539 1570 1578 1621 a
1613 1551 1832 1630 vobis
1869 1550 2228 1643 percussus
2265 1552 2366 1626 est
2403 1555 2475 1626 in
2514 1557 2743 1633 altari.

608 1654 679 1730 Si
716 1652 1139 1726 Catholicos
1180 1649 1329 1720 illic
1373 1646 1692 1722 inseerari
1731 1648 2058 1724 voluistis
2083 1703 2108 1742 ‚
2177 1654 2298 1725 vel
2333 1649 2586 1730 vestris
2619 1658 2749 1729 ilic

606 1755 921 1844 antiquis
961 1749 1453 1853 oblationibus
1486 1749 1903 1841 parceretis.
2001 1748 2107 1822 lbi
2139 1753 2364 1824 modo
2400 1747 2744 1846 superbus

606 1856 951 1926 inventus
966 1871 1075 1942 es,
1090 1849 1213 1922 ubi
1227 1848 1367 1938 jam
1392 1848 1656 1922 dudum
1677 1849 1954 1922 humilis
1975 1848 2372 1924 offerebas:
2399 1853 2498 1926 ibi
2516 1855 2748 1928 iiben-

608 1965 722 2026 ter
746 1967 1030 2045 penem,
1054 1949 1175 2022 ubi
1198 1968 1333 2042 pro
1357 1951 1748 2043 multorum
1772 1949 2086 2041 peccatis
2114 1969 2326 2032 orare
2345 1949 2744 2028 consueve-

598 2072 746 2128 ras.
848 2049 1021 2124 Hoc
1069 2047 1403 2122 faciendo
1444 2049 1517 2120 in
1560 2067 1936 2124 numerum
1987 2045 2488 2144 sacrilegorum
2522 2051 2746 2126 sacer-

594 2151 863 2226 dotum
910 2149 1222 2221 libenter
1270 2145 1572 2220 intrastis
1601 2191 1640 2238 ,-
1694 2144 1940 2219 sociati
1983 2144 2358 2222 sceleribus
2389 2152 2741 2242 profano-

605 2269 811 2341 rum,
863 2248 954 2322 de
986 2248 1241 2340 quibus
1274 2246 1459 2339 apud
1498 2244 1897 2322 Dominum
1929 2244 2121 2334 Elias
2169 2250 2526 2342 propheta
2567 2272 2741 2342 que-

602 2353 824 2426 relam
868 2347 1213 2440 deponit:
1280 2346 1389 2418 his
1436 2346 1626 2418 enim
1665 2347 1956 2418 locutus
2002 2346 2104 2418 est
2141 2351 2427 2442 verbis,
2477 2353 2740 2440 quibus

604 2450 675 2524 ἃ
710 2470 846 2523 vos
876 2449 1067 2522 inter
1112 2441 1293 2532 aljo's
1332 2431 1420 2517 ab
1454 2444 1610 2537 ipso
1643 2447 1948 2518 accusari
1979 2439 2373 2522 meruistis:
2435 2455 2740 2534 Domine,

598 2550 832 2641 inquit
850 2600 877 2641 ‚
904 2549 1149 2630 altaria
1178 2562 1297 2616 tna
1318 2543 1787 2637 confregerunt.
1860 2544 2050 2618 Dum
2079 2546 2256 2618 dicit
2277 2565 2428 2632 tua,
2463 2549 2736 2623 indicat

604 2651 768 2741 quia
801 2667 917 2722 res
946 2645 1049 2720 est
1084 2645 1275 2735 Dei,
1326 2645 1446 2718 ubi
1480 2643 1647 2716 Deo
1689 2644 1950 2734 aliquid
1989 2668 2027 2719 a
2065 2665 2498 2736 quoeunque
2531 2652 2733 2722 obla·

606 2765 758 2821 tum
790 2744 910 2821 est.
1014 2742 1386 2829 Sufficeret
1418 2741 1695 2817 insaniae
1727 2743 2015 2833 uestrae,
2071 2744 2263 2837 quod
2291 2753 2603 2830 membra
2635 2753 2735 2821 la-
