<?xml version="1.0" encoding="UTF-8"?>
<!DOCTYPE html PUBLIC "-//W3C//DTD XHTML 1.0 Transitional//EN"
    "http://www.w3.org/TR/xhtml1/DTD/xhtml1-transitional.dtd">
<html xmlns="http://www.w3.org/1999/xhtml" xml:lang="en" lang="en">
 <head>
  <title>
</title>
<meta http-equiv="Content-Type" content="text/html;charset=utf-8" />
  <meta name='ocr-system' content='tesseract 3.04.00' />
  <meta name='ocr-capabilities' content='ocr_page ocr_carea ocr_par ocr_line ocrx_word'/>
</head>
<body>
  <div class='ocr_page' id='page_1' title='image "./operaomniasanct06librgoog_0561.png"; bbox 0 0 3200 4784; ppageno 0'>
   <div class='ocr_carea' id='block_1_1' title="bbox 354 399 1327 531">
    <p class='ocr_par' dir='ltr' id='par_1_1' title="bbox 354 399 1327 531">
     <span class='ocr_line' id='line_1_1' title="bbox 354 399 1327 531; baseline 0 -32"><span class='ocrx_word' id='word_1_1' title='bbox 354 440 357 450; x_wconf 81' lang='grc'><strong>’</strong></span> <span class='ocrx_word' id='word_1_2' title='bbox 386 418 470 520; x_wconf 66' lang='grc' dir='ltr'>ζῦε</span> <span class='ocrx_word' id='word_1_3' title='bbox 495 399 897 531; x_wconf 69' lang='lat' dir='ltr'>oo&#39;unrrsraruu</span> <span class='ocrx_word' id='word_1_4' title='bbox 921 418 1184 500; x_wconf 78' lang='lat' dir='ltr'>llrsrorrn.</span> <span class='ocrx_word' id='word_1_5' title='bbox 1251 443 1327 529; x_wconf 74' lang='lat'>⁵²9</span> 
     </span>
    </p>
   </div>
   <div class='ocr_carea' id='block_1_2' title="bbox 200 578 1403 4157">
    <p class='ocr_par' dir='ltr' id='par_1_2' title="bbox 204 578 1399 1173">
     <span class='ocr_line' id='line_1_2' title="bbox 204 578 1325 677; baseline -0.001 -18"><span class='ocrx_word' id='word_1_6' title='bbox 204 599 209 603; x_wconf 83' lang='lat'>&#39;</span> <span class='ocrx_word' id='word_1_7' title='bbox 255 583 343 659; x_wconf 85' lang='lat' dir='ltr'>dere</span> <span class='ocrx_word' id='word_1_8' title='bbox 362 585 547 671; x_wconf 86' lang='lat' dir='ltr'>videamur</span> <span class='ocrx_word' id='word_1_9' title='bbox 566 583 760 676; x_wconf 87' lang='lat' dir='ltr'>Imperialis</span> <span class='ocrx_word' id='word_1_10' title='bbox 777 584 952 677; x_wconf 76' lang='lat' dir='ltr'>precepti</span> <span class='ocrx_word' id='word_1_11' title='bbox 969 578 1143 676; x_wconf 83' lang='lat' dir='ltr'>formam,</span> <span class='ocrx_word' id='word_1_12' title='bbox 1169 578 1325 658; x_wconf 81' lang='lat' dir='ltr'>mentio·</span> 
     </span>
     <span class='ocr_line' id='line_1_3' title="bbox 219 672 1323 778; baseline 0 -19"><span class='ocrx_word' id='word_1_13' title='bbox 219 672 234 697; x_wconf 55' lang='lat'>⁸</span> <span class='ocrx_word' id='word_1_14' title='bbox 255 706 341 760; x_wconf 91' lang='lat' dir='ltr'>nem</span> <span class='ocrx_word' id='word_1_15' title='bbox 359 681 435 755; x_wconf 78' lang='lat' dir='ltr'>lieri</span> <span class='ocrx_word' id='word_1_16' title='bbox 453 685 563 756; x_wconf 89' lang='lat' dir='ltr'>video</span> <span class='ocrx_word' id='word_1_17' title='bbox 577 705 652 756; x_wconf 90' lang='lat' dir='ltr'>non</span> <span class='ocrx_word' id='word_1_18' title='bbox 668 685 812 758; x_wconf 90' lang='lat' dir='ltr'>debere.</span> <span class='ocrx_word' id='word_1_19' title='bbox 846 686 1081 778; x_wconf 79' lang='lat' dir='ltr'>Quapropter</span> <span class='ocrx_word' id='word_1_20' title='bbox 1100 685 1142 755; x_wconf 89' lang='lat' dir='ltr'>ad</span> <span class='ocrx_word' id='word_1_21' title='bbox 1161 705 1223 776; x_wconf 85' lang='lat' dir='ltr'>ea,</span> <span class='ocrx_word' id='word_1_22' title='bbox 1246 707 1323 776; x_wconf 82' lang='lat' dir='ltr'>quae</span> 
     </span>
     <span class='ocr_line' id='line_1_4' title="bbox 254 778 1323 882; baseline 0.004 -28"><span class='ocrx_word' id='word_1_23' title='bbox 254 782 418 875; x_wconf 87' lang='lat' dir='ltr'>quaesrvit</span> <span class='ocrx_word' id='word_1_24' title='bbox 428 781 622 882; x_wconf 69' lang='lat' dir='ltr'>,spissius</span> <span class='ocrx_word' id='word_1_25' title='bbox 637 782 754 855; x_wconf 87' lang='lat' dir='ltr'>vestra</span> <span class='ocrx_word' id='word_1_26' title='bbox 767 778 985 874; x_wconf 88' lang='lat' dir='ltr'>respondere</span> <span class='ocrx_word' id='word_1_27' title='bbox 997 784 1185 877; x_wconf 77' lang='lat' dir='ltr'><strong>dignetur,</strong></span> <span class='ocrx_word' id='word_1_28' title='bbox 1202 797 1323 858; x_wconf 91' lang='lat' dir='ltr'>utrum</span> 
     </span>
     <span class='ocr_line' id='line_1_5' title="bbox 253 882 1322 975; baseline 0 -21"><span class='ocrx_word' id='word_1_29' title='bbox 253 884 460 955; x_wconf 84' lang='lat' dir='ltr'>traditionis</span> <span class='ocrx_word' id='word_1_30' title='bbox 491 886 650 972; x_wconf 86' lang='lat' dir='ltr'>crimen,</span> <span class='ocrx_word' id='word_1_31' title='bbox 686 883 794 973; x_wconf 86' lang='lat' dir='ltr'>quod¹</span> <span class='ocrx_word' id='word_1_32' title='bbox 817 882 969 957; x_wconf 83' lang='lat' dir='ltr'>archivis</span> <span class='ocrx_word' id='word_1_33' title='bbox 1001 883 1155 975; x_wconf 86' lang='lat' dir='ltr'>publicis</span> <span class='ocrx_word' id='word_1_34' title='bbox 1184 885 1322 974; x_wconf 89' lang='lat' dir='ltr'>poterit</span> 
     </span>
     <span class='ocr_line' id='line_1_6' title="bbox 251 979 1321 1076; baseline -0.004 -18"><span class='ocrx_word' id='word_1_35' title='bbox 251 981 464 1071; x_wconf 85' lang='lat' dir='ltr'>monstrari,</span> <span class='ocrx_word' id='word_1_36' title='bbox 492 982 547 1076; x_wconf 88' lang='lat' dir='ltr'>agi</span> <span class='ocrx_word' id='word_1_37' title='bbox 563 981 748 1073; x_wconf 88' lang='lat' dir='ltr'>injudicio</span> <span class='ocrx_word' id='word_1_38' title='bbox 767 983 909 1074; x_wconf 92' lang='lat' dir='ltr'>velitis,</span> <span class='ocrx_word' id='word_1_39' title='bbox 937 1003 981 1055; x_wconf 93' lang='lat' dir='ltr'>an</span> <span class='ocrx_word' id='word_1_40' title='bbox 1003 979 1170 1054; x_wconf 84' lang='lat' dir='ltr'>Ecclesrae</span> <span class='ocrx_word' id='word_1_41' title='bbox 1190 979 1321 1056; x_wconf 85' lang='lat' dir='ltr'>&amp;fidei</span> 
     </span>
     <span class='ocr_line' id='line_1_7' title="bbox 253 1078 1399 1173; baseline -0.001 -19"><span class='ocrx_word' id='word_1_42' title='bbox 253 1094 396 1154; x_wconf 83' lang='lat' dir='ltr'>tantum</span> <span class='ocrx_word' id='word_1_43' title='bbox 414 1078 550 1153; x_wconf 89' lang='lat' dir='ltr'>causam</span> <span class='ocrx_word' id='word_1_44' title='bbox 571 1083 721 1173; x_wconf 88' lang='lat' dir='ltr'>cupiatis</span> <span class='ocrx_word' id='word_1_45' title='bbox 741 1082 883 1172; x_wconf 86' lang='lat' dir='ltr'>inquiri.</span> <span class='ocrx_word' id='word_1_46' title='bbox 1396 1164 1399 1169; x_wconf 42' lang='grc'><strong>,</strong></span> 
     </span>
    </p>

    <p class='ocr_par' dir='ltr' id='par_1_3' title="bbox 233 1174 1403 1674">
     <span class='ocr_line' id='line_1_8' title="bbox 335 1174 1387 1275; baseline -0.001 -22"><span class='ocrx_word' id='word_1_47' title='bbox 335 1184 415 1270; x_wconf 79' lang='lat'>165.</span> <span class='ocrx_word' id='word_1_48' title='bbox 447 1180 624 1263; x_wconf 72' lang='lat' dir='ltr'>Petilianis</span> <span class='ocrx_word' id='word_1_49' title='bbox 641 1178 807 1275; x_wconf 71' lang='lat' dir='ltr'>Episcopus</span> <span class='ocrx_word' id='word_1_50' title='bbox 821 1185 925 1251; x_wconf 77' lang='lat' dir='ltr'>dixit:</span> <span class='ocrx_word' id='word_1_51' title='bbox 943 1174 1107 1252; x_wconf 76' lang='lat' dir='ltr'>Urbane</span> <span class='ocrx_word' id='word_1_52' title='bbox 1122 1181 1228 1252; x_wconf 87' lang='lat' dir='ltr'>nobis</span> <span class='ocrx_word' id='word_1_53' title='bbox 1242 1179 1320 1252; x_wconf 91' lang='lat' dir='ltr'>illu·</span> <span class='ocrx_word' id='word_1_54' title='bbox 1385 1210 1387 1219; x_wconf 50' lang='lat'><strong><em>¹</em></strong></span> 
     </span>
     <span class='ocr_line' id='line_1_9' title="bbox 253 1279 1403 1372; baseline 0.004 -22"><span class='ocrx_word' id='word_1_55' title='bbox 253 1279 373 1372; x_wconf 91' lang='lat' dir='ltr'>ditur,</span> <span class='ocrx_word' id='word_1_56' title='bbox 408 1294 472 1369; x_wconf 90' lang='lat' dir='ltr'>ut,</span> <span class='ocrx_word' id='word_1_57' title='bbox 507 1286 588 1351; x_wconf 89' lang='lat' dir='ltr'>&#39;cum</span> <span class='ocrx_word' id='word_1_58' title='bbox 612 1279 673 1368; x_wconf 80' lang='lat' dir='ltr'>ipsi</span> <span class='ocrx_word' id='word_1_59' title='bbox 701 1279 768 1351; x_wconf 91' lang='lat' dir='ltr'>srnt</span> <span class='ocrx_word' id='word_1_60' title='bbox 790 1283 991 1372; x_wconf 86' lang='lat' dir='ltr'>petitores,</span> <span class='ocrx_word' id='word_1_61' title='bbox 1026 1279 1233 1371; x_wconf 72' lang='lat' dir='ltr'>semperque</span> <span class='ocrx_word' id='word_1_62' title='bbox 1253 1302 1319 1352; x_wconf 89' lang='lat' dir='ltr'>no·</span> <span class='ocrx_word' id='word_1_63' title='bbox 1399 1350 1403 1355; x_wconf 81' lang='grc'><em>,</em></span> 
     </span>
     <span class='ocr_line' id='line_1_10' title="bbox 233 1377 1318 1470; baseline 0.003 -20"><span class='ocrx_word' id='word_1_64' title='bbox 233 1377 358 1452; x_wconf 79' lang='lat' dir='ltr'>stram</span> <span class='ocrx_word' id='word_1_65' title='bbox 376 1399 509 1470; x_wconf 84' lang='lat' dir='ltr'>pacem</span> <span class='ocrx_word' id='word_1_66' title='bbox 534 1379 814 1468; x_wconf 85' lang='lat' dir='ltr'>inquietaverint</span> <span class='ocrx_word' id='word_1_67' title='bbox 836 1393 943 1470; x_wconf 85' lang='lat' dir='ltr'>atque</span> <span class='ocrx_word' id='word_1_68' title='bbox 964 1379 1214 1462; x_wconf 86' lang='lat' dir='ltr'>turbaverint,</span> <span class='ocrx_word' id='word_1_69' title='bbox 1248 1400 1318 1453; x_wconf 84' lang='lat' dir='ltr'>nos</span> 
     </span>
     <span class='ocr_line' id='line_1_11' title="bbox 252 1476 1320 1574; baseline 0.002 -24"><span class='ocrx_word' id='word_1_70' title='bbox 252 1478 343 1574; x_wconf 92' lang='lat' dir='ltr'>loco</span> <span class='ocrx_word' id='word_1_71' title='bbox 367 1480 563 1570; x_wconf 91' lang='lat' dir='ltr'>petitorum</span> <span class='ocrx_word' id='word_1_72' title='bbox 584 1477 861 1570; x_wconf 89' lang='lat' dir='ltr'>constituamur,</span> <span class='ocrx_word' id='word_1_73' title='bbox 889 1498 969 1555; x_wconf 89' lang='lat' dir='ltr'>cum</span> <span class='ocrx_word' id='word_1_74' title='bbox 990 1479 1088 1568; x_wconf 90' lang='lat' dir='ltr'>pacis</span> <span class='ocrx_word' id='word_1_75' title='bbox 1104 1477 1137 1549; x_wconf 71' lang='grc' dir='ltr'><strong>ἃ</strong></span> <span class='ocrx_word' id='word_1_76' title='bbox 1153 1476 1320 1552; x_wconf 71' lang='lat' dir='ltr'>Ecclesiae</span> 
     </span>
     <span class='ocr_line' id='line_1_12' title="bbox 253 1575 1320 1674; baseline 0.002 -26"><span class='ocrx_word' id='word_1_77' title='bbox 253 1576 326 1648; x_wconf 93' lang='lat' dir='ltr'>Dei</span> <span class='ocrx_word' id='word_1_78' title='bbox 344 1575 552 1667; x_wconf 80' lang='lat' dir='ltr'>possessores</span> <span class='ocrx_word' id='word_1_79' title='bbox 569 1575 703 1671; x_wconf 84' lang='lat' dir='ltr'>semper</span> <span class='ocrx_word' id='word_1_80' title='bbox 723 1576 903 1653; x_wconf 86' lang='lat' dir='ltr'>fuerimus</span> <span class='ocrx_word' id='word_1_81' title='bbox 918 1598 959 1650; x_wconf 86' lang='lat' dir='ltr'>ac</span> <span class='ocrx_word' id='word_1_82' title='bbox 982 1575 1097 1652; x_wconf 79' lang='lat' dir='ltr'>simus.</span> <span class='ocrx_word' id='word_1_83' title='bbox 1149 1575 1242 1650; x_wconf 89' lang='lat' dir='ltr'>Peto</span> <span class='ocrx_word' id='word_1_84' title='bbox 1259 1580 1320 1674; x_wconf 90' lang='lat' dir='ltr'>igi·</span> 
     </span>
    </p>

    <p class='ocr_par' dir='ltr' id='par_1_4' title="bbox 255 1674 1362 1765">
     <span class='ocr_line' id='line_1_13' title="bbox 255 1674 1362 1765; baseline 0.005 -19"><span class='ocrx_word' id='word_1_85' title='bbox 255 1691 317 1746; x_wconf 87' lang='lat' dir='ltr'>tur</span> <span class='ocrx_word' id='word_1_86' title='bbox 331 1679 555 1747; x_wconf 88' lang='lat' dir='ltr'>nobilitatem</span> <span class='ocrx_word' id='word_1_87' title='bbox 567 1678 845 1765; x_wconf 86' lang='lat' dir='ltr'>tuam,uthunc</span> <span class='ocrx_word' id='word_1_88' title='bbox 859 1677 1021 1750; x_wconf 92' lang='lat' dir='ltr'>ordinem</span> <span class='ocrx_word' id='word_1_89' title='bbox 1034 1674 1164 1751; x_wconf 90' lang='lat' dir='ltr'>serues</span> <span class='ocrx_word' id='word_1_90' title='bbox 1192 1675 1319 1751; x_wconf 91' lang='lat' dir='ltr'>Osten·</span> <span class='ocrx_word' id='word_1_91' title='bbox 1358 1709 1362 1713; x_wconf 91' lang='lat'><em>·</em></span> 
     </span>
    </p>

    <p class='ocr_par' dir='ltr' id='par_1_5' title="bbox 201 1776 1320 1869">
     <span class='ocr_line' id='line_1_14' title="bbox 201 1776 1320 1869; baseline 0.003 -23"><span class='ocrx_word' id='word_1_92' title='bbox 201 1818 207 1861; x_wconf 93' lang='lat'>·.</span> <span class='ocrx_word' id='word_1_93' title='bbox 242 1776 366 1866; x_wconf 84' lang='lat' dir='ltr'>¹dant,</span> <span class='ocrx_word' id='word_1_94' title='bbox 393 1777 475 1866; x_wconf 90' lang='lat' dir='ltr'>quid</span> <span class='ocrx_word' id='word_1_95' title='bbox 501 1778 661 1869; x_wconf 77' lang='lat' dir='ltr'>egerint,</span> <span class='ocrx_word' id='word_1_96' title='bbox 686 1777 769 1847; x_wconf 91' lang='lat' dir='ltr'>ibi</span> <span class='ocrx_word' id='word_1_97' title='bbox 759 1779 922 1849; x_wconf 76' lang='lat' dir='ltr'>invenies</span> <span class='ocrx_word' id='word_1_98' title='bbox 947 1776 1160 1866; x_wconf 85' lang='lat' dir='ltr'>petitores..</span> <span class='ocrx_word' id='word_1_99' title='bbox 1189 1777 1320 1849; x_wconf 79' lang='lat' dir='ltr'>Erotio</span> 
     </span>
    </p>

    <p class='ocr_par' dir='ltr' id='par_1_6' title="bbox 201 1872 1320 2003">
     <span class='ocr_line' id='line_1_15' title="bbox 201 1872 1320 2003; baseline 0.005 -59"><span class='ocrx_word' id='word_1_100' title='bbox 201 1919 208 1963; x_wconf 67' lang='lat' dir='ltr'>r</span> <span class='ocrx_word' id='word_1_101' title='bbox 252 1899 364 1948; x_wconf 75' lang='lat' dir='ltr'>manu.</span> <span class='ocrx_word' id='word_1_102' title='bbox 419 1872 610 1947; x_wconf 88' lang='lat' dir='ltr'>Petilianus</span> <span class='ocrx_word' id='word_1_103' title='bbox 644 1872 843 2003; x_wconf 82' lang='lat' dir='ltr'>Episcopus</span> <span class='ocrx_word' id='word_1_104' title='bbox 876 1873 970 1948; x_wconf 90' lang='lat' dir='ltr'>salva</span> <span class='ocrx_word' id='word_1_105' title='bbox 996 1875 1239 1968; x_wconf 87' lang='lat' dir='ltr'>appellatione</span> <span class='ocrx_word' id='word_1_106' title='bbox 1265 1896 1320 1950; x_wconf 91' lang='lat' dir='ltr'>re·</span> 
     </span>
    </p>

    <p class='ocr_par' dir='ltr' id='par_1_7' title="bbox 200 1975 428 2068">
     <span class='ocr_line' id='line_1_16' title="bbox 200 1975 428 2068; baseline -0.009 -22"><span class='ocrx_word' id='word_1_107' title='bbox 200 1995 206 2067; x_wconf 65' lang='grc' dir='ltr'>ξ</span> <span class='ocrx_word' id='word_1_108' title='bbox 252 1975 428 2068; x_wconf 87' lang='lat' dir='ltr'>cognovi.</span> 
     </span>
    </p>

    <p class='ocr_par' dir='ltr' id='par_1_8' title="bbox 200 2065 1320 2165">
     <span class='ocr_line' id='line_1_17' title="bbox 200 2065 1320 2165; baseline 0.001 -22"><span class='ocrx_word' id='word_1_109' title='bbox 200 2119 210 2165; x_wconf 79' lang='lat' dir='ltr'>t</span> <span class='ocrx_word' id='word_1_110' title='bbox 243 2110 255 2115; x_wconf 95' lang='lat'>-</span> <span class='ocrx_word' id='word_1_111' title='bbox 336 2080 415 2148; x_wconf 88' lang='lat'>166.</span> <span class='ocrx_word' id='word_1_112' title='bbox 436 2074 650 2144; x_wconf 77' lang='lat' dir='ltr'>Marcellinus</span> <span class='ocrx_word' id='word_1_113' title='bbox 664 2065 1320 2165; x_wconf 72' lang='lat' dir='ltr'>uircscriffimurTribuuus&amp;Notarius</span> 
     </span>
    </p>

    <p class='ocr_par' dir='ltr' id='par_1_9' title="bbox 200 2168 1364 2366">
     <span class='ocr_line' id='line_1_18' title="bbox 200 2168 1364 2267; baseline 0.005 -26"><span class='ocrx_word' id='word_1_114' title='bbox 200 2219 207 2265; x_wconf 87' lang='lat'>:</span> <span class='ocrx_word' id='word_1_115' title='bbox 253 2173 364 2244; x_wconf 75' lang='lat' dir='ltr'>dixit·</span> <span class='ocrx_word' id='word_1_116' title='bbox 399 2171 434 2244; x_wconf 81' lang='lat' dir='ltr'>Si</span> <span class='ocrx_word' id='word_1_117' title='bbox 460 2172 621 2246; x_wconf 76' lang='lat' dir='ltr'>sanstitas</span> <span class='ocrx_word' id='word_1_118' title='bbox 644 2189 705 2245; x_wconf 85' lang='lat' dir='ltr'>tua</span> <span class='ocrx_word' id='word_1_119' title='bbox 731 2168 981 2267; x_wconf 82' lang='lat' dir='ltr'>permitteret,</span> <span class='ocrx_word' id='word_1_120' title='bbox 1017 2175 1078 2248; x_wconf 89' lang='lat' dir='ltr'>vel</span> <span class='ocrx_word' id='word_1_121' title='bbox 1104 2169 1319 2267; x_wconf 82' lang='lat' dir='ltr'>permisisset</span> <span class='ocrx_word' id='word_1_122' title='bbox 1362 2223 1364 2227; x_wconf 79' lang='lat'>.</span> 
     </span>
     <span class='ocr_line' id='line_1_19' title="bbox 201 2271 1318 2366; baseline 0.002 -24"><span class='ocrx_word' id='word_1_123' title='bbox 201 2324 203 2331; x_wconf 84' lang='lat'>.</span> <span class='ocrx_word' id='word_1_124' title='bbox 254 2271 351 2365; x_wconf 85' lang='lat' dir='ltr'>gesta</span> <span class='ocrx_word' id='word_1_125' title='bbox 369 2274 533 2365; x_wconf 87' lang='lat' dir='ltr'>recitari,</span> <span class='ocrx_word' id='word_1_126' title='bbox 564 2274 634 2364; x_wconf 90' lang='lat' dir='ltr'>jam</span> <span class='ocrx_word' id='word_1_127' title='bbox 660 2274 769 2363; x_wconf 90' lang='lat' dir='ltr'>olim,</span> <span class='ocrx_word' id='word_1_128' title='bbox 805 2274 863 2365; x_wconf 88' lang='lat' dir='ltr'>qui</span> <span class='ocrx_word' id='word_1_129' title='bbox 882 2275 1050 2366; x_wconf 86' lang='lat' dir='ltr'>petitoris</span> <span class='ocrx_word' id='word_1_130' title='bbox 1072 2275 1160 2346; x_wconf 92' lang='lat' dir='ltr'>loco</span> <span class='ocrx_word' id='word_1_131' title='bbox 1184 2273 1318 2344; x_wconf 51' lang='lat' dir='ltr'>adsiste*</span> 
     </span>
    </p>

    <p class='ocr_par' dir='ltr' id='par_1_10' title="bbox 239 2371 1318 2565">
     <span class='ocr_line' id='line_1_20' title="bbox 240 2371 1318 2464; baseline 0.001 -23"><span class='ocrx_word' id='word_1_132' title='bbox 240 2385 334 2461; x_wconf 84' lang='lat' dir='ltr'>ret,</span> <span class='ocrx_word' id='word_1_133' title='bbox 360 2372 530 2463; x_wconf 84' lang='lat' dir='ltr'>potuisset</span> <span class='ocrx_word' id='word_1_134' title='bbox 554 2373 704 2448; x_wconf 90' lang='lat' dir='ltr'>ostendi.</span> <span class='ocrx_word' id='word_1_135' title='bbox 738 2371 871 2445; x_wconf 90' lang='lat' dir='ltr'>-Unde</span> <span class='ocrx_word' id='word_1_136' title='bbox 895 2376 953 2445; x_wconf 90' lang='lat' dir='ltr'>vel</span> <span class='ocrx_word' id='word_1_137' title='bbox 978 2392 1075 2445; x_wconf 89' lang='lat' dir='ltr'>nunc</span> <span class='ocrx_word' id='word_1_138' title='bbox 1100 2372 1318 2464; x_wconf 85' lang='lat' dir='ltr'>antiquiora,</span> 
     </span>
     <span class='ocr_line' id='line_1_21' title="bbox 239 2466 1318 2565; baseline -0.003 -25"><span class='ocrx_word' id='word_1_139' title='bbox 239 2485 295 2541; x_wconf 90' lang='lat' dir='ltr'>·ut</span> <span class='ocrx_word' id='word_1_140' title='bbox 316 2472 504 2545; x_wconf 83' lang='lat' dir='ltr'>interfatus</span> <span class='ocrx_word' id='word_1_141' title='bbox 529 2470 622 2560; x_wconf 92' lang='lat' dir='ltr'>sum,</span> <span class='ocrx_word' id='word_1_142' title='bbox 650 2471 745 2565; x_wconf 85' lang='lat' dir='ltr'>gesta</span> <span class='ocrx_word' id='word_1_143' title='bbox 768 2473 979 2544; x_wconf 90' lang='lat' dir='ltr'>recitentur.</span> <span class='ocrx_word' id='word_1_144' title='bbox 1036 2472 1217 2541; x_wconf 82' lang='lat' dir='ltr'>Petilianus</span> <span class='ocrx_word' id='word_1_145' title='bbox 1240 2466 1318 2564; x_wconf 82' lang='lat' dir='ltr'>Epi·</span> 
     </span>
    </p>

    <p class='ocr_par' dir='ltr' id='par_1_11' title="bbox 200 2567 1317 2860">
     <span class='ocr_line' id='line_1_22' title="bbox 200 2567 1317 2667; baseline 0.002 -29"><span class='ocrx_word' id='word_1_146' title='bbox 200 2619 205 2667; x_wconf 78' lang='lat' dir='ltr'>t</span> <span class='ocrx_word' id='word_1_147' title='bbox 250 2569 315 2665; x_wconf 72' lang='lat' dir='ltr'>[cop</span> <span class='ocrx_word' id='word_1_148' title='bbox 318 2597 352 2639; x_wconf 86' lang='lat' dir='ltr'>us</span> <span class='ocrx_word' id='word_1_149' title='bbox 378 2575 483 2642; x_wconf 80' lang='lat' dir='ltr'>dixit·</span> <span class='ocrx_word' id='word_1_150' title='bbox 519 2569 691 2640; x_wconf 87' lang='lat' dir='ltr'>Ordinem</span> <span class='ocrx_word' id='word_1_151' title='bbox 712 2567 1019 2660; x_wconf 67' lang='lat' dir='ltr'>servagestorum.</span> <span class='ocrx_word' id='word_1_152' title='bbox 1062 2570 1317 2646; x_wconf 74' lang='lat' dir='ltr'>Eralramanu.</span> 
     </span>
     <span class='ocr_line' id='line_1_23' title="bbox 201 2665 1319 2781; baseline 0.003 -42"><span class='ocrx_word' id='word_1_153' title='bbox 201 2720 210 2763; x_wconf 50' lang='lat'>,-</span> <span class='ocrx_word' id='word_1_154' title='bbox 251 2668 448 2741; x_wconf 85' lang='lat' dir='ltr'>Petilianus</span> <span class='ocrx_word' id='word_1_155' title='bbox 477 2666 672 2758; x_wconf 80' lang='lat' dir='ltr'>Episcopus</span> <span class='ocrx_word' id='word_1_156' title='bbox 703 2665 996 2781; x_wconf 81' lang='lat' dir='ltr'>prosecutionem</span> <span class='ocrx_word' id='word_1_157' title='bbox 1023 2687 1136 2742; x_wconf 85' lang='lat' dir='ltr'>meum</span> <span class='ocrx_word' id='word_1_158' title='bbox 1166 2671 1319 2762; x_wconf 91' lang='lat' dir='ltr'>appella·</span> 
     </span>
     <span class='ocr_line' id='line_1_24' title="bbox 200 2767 782 2883; baseline -0.009 -42"><span class='ocrx_word' id='word_1_159' title='bbox 200 2816 208 2841; x_wconf 66' lang='lat'><em>2</em></span> <span class='ocrx_word' id='word_1_160' title='bbox 235 2768 357 2839; x_wconf 75' lang='lat' dir='ltr'>tione</span> <span class='ocrx_word' id='word_1_161' title='bbox 375 2769 547 2838; x_wconf 91' lang='lat' dir='ltr'>incolumi</span> <span class='ocrx_word' id='word_1_162' title='bbox 567 2767 782 2883; x_wconf 85' lang='lat' dir='ltr'>recognovi.</span> 
     </span>
    </p>

    <p class='ocr_par' dir='ltr' id='par_1_12' title="bbox 200 2856 1318 3238">
     <span class='ocr_line' id='line_1_25' title="bbox 334 2856 1317 2959; baseline 0 -22"><span class='ocrx_word' id='word_1_163' title='bbox 334 2872 412 2959; x_wconf 80' lang='lat'>167.</span> <span class='ocrx_word' id='word_1_164' title='bbox 436 2870 641 2937; x_wconf 75' lang='lat' dir='ltr'>marcelinus</span> <span class='ocrx_word' id='word_1_165' title='bbox 654 2872 714 2936; x_wconf 85' lang='lat' dir='ltr'>uir</span> <span class='ocrx_word' id='word_1_166' title='bbox 727 2860 919 2956; x_wconf 80' lang='lat' dir='ltr'>tlariffimrrs</span> <span class='ocrx_word' id='word_1_167' title='bbox 934 2856 1015 2938; x_wconf 78' lang='lat' dir='ltr'>Tris</span> <span class='ocrx_word' id='word_1_168' title='bbox 998 2864 1147 2942; x_wconf 70' lang='lat' dir='ltr'>bunut&amp;</span> <span class='ocrx_word' id='word_1_169' title='bbox 1160 2866 1317 2938; x_wconf 79' lang='lat' dir='ltr'>Notarius</span> 
     </span>
     <span class='ocr_line' id='line_1_26' title="bbox 201 2961 1316 3060; baseline 0.007 -31"><span class='ocrx_word' id='word_1_170' title='bbox 201 3016 204 3029; x_wconf 90' lang='lat'>.</span> <span class='ocrx_word' id='word_1_171' title='bbox 251 2967 364 3038; x_wconf 80' lang='lat' dir='ltr'>dixit:</span> <span class='ocrx_word' id='word_1_172' title='bbox 397 2965 533 3038; x_wconf 88' lang='lat' dir='ltr'>Eorum</span> <span class='ocrx_word' id='word_1_173' title='bbox 553 2964 751 3060; x_wconf 88' lang='lat' dir='ltr'>gestorum,</span> <span class='ocrx_word' id='word_1_174' title='bbox 780 2985 868 3055; x_wconf 86' lang='lat' dir='ltr'>quae</span> <span class='ocrx_word' id='word_1_175' title='bbox 878 2968 1075 3059; x_wconf 90' lang='lat' dir='ltr'>apartibus</span> <span class='ocrx_word' id='word_1_176' title='bbox 1097 2961 1257 3039; x_wconf 89' lang='lat' dir='ltr'>offerunt</span> <span class='ocrx_word' id='word_1_177' title='bbox 1243 2980 1316 3056; x_wconf 89' lang='lat' dir='ltr'>tur,</span> 
     </span>
     <span class='ocr_line' id='line_1_27' title="bbox 252 3062 1318 3175; baseline 0.002 -36"><span class='ocrx_word' id='word_1_178' title='bbox 252 3067 289 3139; x_wconf 88' lang='lat' dir='ltr'>id</span> <span class='ocrx_word' id='word_1_179' title='bbox 312 3065 387 3157; x_wconf 87' lang='lat' dir='ltr'>est,</span> <span class='ocrx_word' id='word_1_180' title='bbox 422 3065 732 3140; x_wconf 86' lang='lat' dir='ltr'>Proconsularium</span> <span class='ocrx_word' id='word_1_181' title='bbox 751 3066 783 3139; x_wconf 87' lang='lat'>&amp;</span> <span class='ocrx_word' id='word_1_182' title='bbox 800 3062 1028 3141; x_wconf 70' lang='lat' dir='ltr'>illustrissimae</span> <span class='ocrx_word' id='word_1_183' title='bbox 1045 3065 1135 3175; x_wconf 79' lang='lat' dir='ltr'>sedis</span> <span class='ocrx_word' id='word_1_184' title='bbox 1153 3081 1318 3160; x_wconf 84' lang='lat' dir='ltr'>tempora</span> 
     </span>
     <span class='ocr_line' id='line_1_28' title="bbox 251 3167 461 3239; baseline -0.01 -1"><span class='ocrx_word' id='word_1_185' title='bbox 251 3167 461 3239; x_wconf 91' lang='lat' dir='ltr'>recitentur.</span> 
     </span>
    </p>

    <p class='ocr_par' dir='ltr' id='par_1_13' title="bbox 200 3257 1319 3856">
     <span class='ocr_line' id='line_1_29' title="bbox 334 3257 1319 3361; baseline 0.003 -26"><span class='ocrx_word' id='word_1_186' title='bbox 334 3269 412 3343; x_wconf 77' lang='lat'>168.</span> <span class='ocrx_word' id='word_1_187' title='bbox 437 3257 593 3356; x_wconf 80' lang='lat' dir='ltr'>Poffidt‘nr</span> <span class='ocrx_word' id='word_1_188' title='bbox 609 3263 735 3361; x_wconf 81' lang='lat' dir='ltr'>Episcop</span> <span class='ocrx_word' id='word_1_189' title='bbox 737 3264 922 3359; x_wconf 77' lang='lat' dir='ltr'>rrrEcclcfiae</span> <span class='ocrx_word' id='word_1_190' title='bbox 935 3260 1099 3339; x_wconf 70' lang='lat' dir='ltr'>Catholicae</span> <span class='ocrx_word' id='word_1_191' title='bbox 1116 3265 1224 3337; x_wconf 76' lang='lat' dir='ltr'>dixit:</span> <span class='ocrx_word' id='word_1_192' title='bbox 1252 3260 1319 3338; x_wconf 87' lang='lat' dir='ltr'>Of·</span> 
     </span>
     <span class='ocr_line' id='line_1_30' title="bbox 252 3359 1319 3458; baseline 0.001 -22"><span class='ocrx_word' id='word_1_193' title='bbox 252 3359 399 3439; x_wconf 89' lang='lat' dir='ltr'>serimus</span> <span class='ocrx_word' id='word_1_194' title='bbox 413 3365 554 3437; x_wconf 87' lang='lat' dir='ltr'>chartas</span> <span class='ocrx_word' id='word_1_195' title='bbox 568 3367 786 3455; x_wconf 86' lang='lat' dir='ltr'>antiquiores</span> <span class='ocrx_word' id='word_1_196' title='bbox 804 3362 933 3438; x_wconf 90' lang='lat' dir='ltr'>nostris</span> <span class='ocrx_word' id='word_1_197' title='bbox 949 3360 1219 3438; x_wconf 85' lang='lat' dir='ltr'>definitionibus</span> <span class='ocrx_word' id='word_1_198' title='bbox 1236 3385 1319 3458; x_wconf 88' lang='lat' dir='ltr'>pro·</span> 
     </span>
     <span class='ocr_line' id='line_1_31' title="bbox 250 3461 1317 3559; baseline -0.001 -24"><span class='ocrx_word' id='word_1_199' title='bbox 250 3461 402 3537; x_wconf 83' lang='lat' dir='ltr'>futuras,</span> <span class='ocrx_word' id='word_1_200' title='bbox 441 3466 567 3535; x_wconf 76' lang='lat' dir='ltr'>Eccita</span> <span class='ocrx_word' id='word_1_201' title='bbox 583 3490 689 3540; x_wconf 84' lang='lat' dir='ltr'>muruc.</span> <span class='ocrx_word' id='word_1_202' title='bbox 717 3465 948 3559; x_wconf 80' lang='lat' dir='ltr'>Recognovi.</span> <span class='ocrx_word' id='word_1_203' title='bbox 990 3469 1174 3537; x_wconf 77' lang='lat' dir='ltr'>Montanus</span> <span class='ocrx_word' id='word_1_204' title='bbox 1193 3461 1317 3559; x_wconf 76' lang='lat' dir='ltr'>Episco-</span> 
     </span>
     <span class='ocr_line' id='line_1_32' title="bbox 249 3562 1316 3660; baseline 0.006 -30"><span class='ocrx_word' id='word_1_205' title='bbox 249 3581 310 3660; x_wconf 78' lang='lat' dir='ltr'>pus</span> <span class='ocrx_word' id='word_1_206' title='bbox 328 3565 436 3632; x_wconf 79' lang='lat' dir='ltr'>dixit.</span> <span class='ocrx_word' id='word_1_207' title='bbox 469 3564 505 3635; x_wconf 89' lang='lat' dir='ltr'>Si</span> <span class='ocrx_word' id='word_1_208' title='bbox 524 3562 651 3654; x_wconf 87' lang='lat' dir='ltr'>jubes,</span> <span class='ocrx_word' id='word_1_209' title='bbox 685 3566 730 3636; x_wconf 93' lang='lat' dir='ltr'>de</span> <span class='ocrx_word' id='word_1_210' title='bbox 747 3565 876 3635; x_wconf 90' lang='lat' dir='ltr'>codice</span> <span class='ocrx_word' id='word_1_211' title='bbox 897 3565 993 3655; x_wconf 81' lang='lat' dir='ltr'>leg0.</span> <span class='ocrx_word' id='word_1_212' title='bbox 1046 3564 1098 3638; x_wconf 86' lang='lat' dir='ltr'>Et</span> <span class='ocrx_word' id='word_1_213' title='bbox 1120 3566 1185 3634; x_wconf 80' lang='lat' dir='ltr'>alia</span> <span class='ocrx_word' id='word_1_214' title='bbox 1207 3590 1316 3637; x_wconf 77' lang='lat' dir='ltr'>manu.</span> 
     </span>
     <span class='ocr_line' id='line_1_33' title="bbox 200 3660 1316 3778; baseline 0.004 -46"><span class='ocrx_word' id='word_1_215' title='bbox 200 3690 220 3713; x_wconf 60' lang='lat'>³</span> <span class='ocrx_word' id='word_1_216' title='bbox 251 3661 454 3747; x_wconf 70' lang='lat' dir='ltr'>Montanus</span> <span class='ocrx_word' id='word_1_217' title='bbox 477 3660 675 3756; x_wconf 86' lang='lat' dir='ltr'>Episcopus</span> <span class='ocrx_word' id='word_1_218' title='bbox 697 3660 990 3778; x_wconf 88' lang='lat' dir='ltr'>prosecutionem</span> <span class='ocrx_word' id='word_1_219' title='bbox 1015 3681 1130 3738; x_wconf 88' lang='lat' dir='ltr'>meam</span> <span class='ocrx_word' id='word_1_220' title='bbox 1163 3664 1316 3758; x_wconf 84' lang='lat' dir='ltr'>appella·</span> 
     </span>
     <span class='ocr_line' id='line_1_34' title="bbox 251 3761 903 3856; baseline -0.005 -26"><span class='ocrx_word' id='word_1_221' title='bbox 251 3761 354 3834; x_wconf 88' lang='lat' dir='ltr'>tione</span> <span class='ocrx_word' id='word_1_222' title='bbox 370 3763 541 3835; x_wconf 90' lang='lat' dir='ltr'>incolumi</span> <span class='ocrx_word' id='word_1_223' title='bbox 562 3762 903 3856; x_wconf 86' lang='lat' dir='ltr'>recognovi..</span> 
     </span>
    </p>

    <p class='ocr_par' dir='ltr' id='par_1_14' title="bbox 247 3853 1319 4157">
     <span class='ocr_line' id='line_1_35' title="bbox 334 3853 1317 3955; baseline 0.002 -24"><span class='ocrx_word' id='word_1_224' title='bbox 334 3866 414 3955; x_wconf 86' lang='lat'>169.</span> <span class='ocrx_word' id='word_1_225' title='bbox 442 3863 653 3934; x_wconf 77' lang='lat' dir='ltr'>Murcesinus</span> <span class='ocrx_word' id='word_1_226' title='bbox 664 3865 721 3931; x_wconf 84' lang='lat' dir='ltr'>uir</span> <span class='ocrx_word' id='word_1_227' title='bbox 731 3855 919 3952; x_wconf 79' lang='lat' dir='ltr'>clariffimut</span> <span class='ocrx_word' id='word_1_228' title='bbox 934 3853 1096 3947; x_wconf 74' lang='lat' dir='ltr'>Tribunus</span> <span class='ocrx_word' id='word_1_229' title='bbox 1106 3860 1144 3936; x_wconf 70' lang='lat' dir='ltr'>sl</span> <span class='ocrx_word' id='word_1_230' title='bbox 1155 3859 1317 3933; x_wconf 77' lang='lat' dir='ltr'>Notarius</span> 
     </span>
     <span class='ocr_line' id='line_1_36' title="bbox 252 3952 1317 4051; baseline 0.004 -23"><span class='ocrx_word' id='word_1_231' title='bbox 252 3959 358 4029; x_wconf 79' lang='lat' dir='ltr'>dixir-</span> <span class='ocrx_word' id='word_1_232' title='bbox 384 3963 484 4034; x_wconf 86' lang='lat' dir='ltr'>Siout</span> <span class='ocrx_word' id='word_1_233' title='bbox 501 3958 625 4051; x_wconf 87' lang='lat' dir='ltr'>statui,</span> <span class='ocrx_word' id='word_1_234' title='bbox 653 3961 696 4032; x_wconf 85' lang='lat' dir='ltr'>ab</span> <span class='ocrx_word' id='word_1_235' title='bbox 712 3952 837 4033; x_wconf 87' lang='lat' dir='ltr'>officio</span> <span class='ocrx_word' id='word_1_236' title='bbox 854 3959 1039 4036; x_wconf 86' lang='lat' dir='ltr'>recitetur.</span> <span class='ocrx_word' id='word_1_237' title='bbox 1079 3964 1208 4033; x_wconf 81' lang='lat' dir='ltr'>Navi</span> <span class='ocrx_word' id='word_1_238' title='bbox 1198 3987 1245 4030; x_wconf 80' lang='lat' dir='ltr'>ms</span> <span class='ocrx_word' id='word_1_239' title='bbox 1263 3968 1317 4032; x_wconf 79' lang='lat' dir='ltr'>cs·</span> 
     </span>
     <span class='ocr_line' id='line_1_37' title="bbox 247 3988 1319 4157; baseline 0.001 -28"><span class='ocrx_word' id='word_1_240' title='bbox 247 4061 341 4157; x_wconf 48' lang='grc' dir='ltr'>,ἤπιον</span> <span class='ocrx_word' id='word_1_241' title='bbox 366 4083 567 4132; x_wconf 78' lang='lat' dir='ltr'>numerorum</span> <span class='ocrx_word' id='word_1_242' title='bbox 593 4063 775 4135; x_wconf 78' lang='lat' dir='ltr'>recitavitr·</span> <span class='ocrx_word' id='word_1_243' title='bbox 805 4055 889 4134; x_wconf 86' lang='lat' dir='ltr'>Post</span> <span class='ocrx_word' id='word_1_244' title='bbox 912 4051 1144 4157; x_wconf 75' lang='lat' dir='ltr'>Consulatum</span> <span class='ocrx_word' id='word_1_245' title='bbox 1170 3988 1319 4132; x_wconf 51' lang='lat' dir='ltr'>flumini</span> 
     </span>
    </p>
   </div>
   <div class='ocr_carea' id='block_1_3' title="bbox 303 4152 1298 4271">
    <p class='ocr_par' dir='ltr' id='par_1_15' title="bbox 303 4152 1298 4271">
     <span class='ocr_line' id='line_1_38' title="bbox 303 4152 1298 4271; baseline -0.013 -38"><span class='ocrx_word' id='word_1_246' title='bbox 303 4161 418 4271; x_wconf 71' lang='lat' dir='ltr'>optari</span> <span class='ocrx_word' id='word_1_247' title='bbox 433 4158 514 4254; x_wconf 77' lang='lat' dir='ltr'>Afri</span> <span class='ocrx_word' id='word_1_248' title='bbox 533 4159 713 4236; x_wconf 73' lang='lat' dir='ltr'>Tomi.</span> <span class='ocrx_word' id='word_1_249' title='bbox 708 4238 719 4257; x_wconf 26' lang='lat' dir='ltr'>g</span> <span class='ocrx_word' id='word_1_250' title='bbox 883 4153 947 4234; x_wconf 77' lang='lat' dir='ltr'>tt</span> <span class='ocrx_word' id='word_1_251' title='bbox 1170 4152 1298 4226; x_wconf 63' lang='lat' dir='ltr'>omn</span> 
     </span>
    </p>
   </div>
   <div class='ocr_carea' id='block_1_4' title="bbox 647 4430 721 4454">
    <p class='ocr_par' dir='ltr' id='par_1_16' title="bbox 647 4430 721 4454">
     <span class='ocr_line' id='line_1_39' title="bbox 647 4430 721 4454; baseline 0 0"><span class='ocrx_word' id='word_1_252' title='bbox 647 4430 721 4454; x_wconf 60' lang='lat' dir='ltr'>..h—</span> 
     </span>
    </p>
   </div>
   <div class='ocr_carea' id='block_1_5' title="bbox 0 0 1604 4784">
    <p class='ocr_par' dir='ltr' id='par_1_17' title="bbox 0 0 1604 4784">
     <span class='ocr_line' id='line_1_40' title="bbox 0 0 1604 4784; baseline 0 1"><span class='ocrx_word' id='word_1_253' title='bbox 0 0 1604 4784; x_wconf 95' lang='lat' dir='ltr'> </span> 
     </span>
    </p>
   </div>
  </div>
 </body>
</html>
