3200 4784
328 414 448 477 or
471 392 884 469 Donarraianvrr
908 389 1168 466 Hraroura.
1244 406 1335 484 537·

246 556 362 637 modo
380 555 416 629 se
439 555 482 628 ad
505 555 629 651 legalia
648 566 892 644 convertant,
918 550 1096 645 ipsrurque
1113 554 1202 658 legia
1224 577 1317 648 quae·

246 674 330 733 rant
342 654 509 749 responsa
523 672 629 745 atque
638 652 782 746 Judrcra
809 652 871 724 Srn
886 670 978 723 vero
991 666 1143 745 utraque
1139 647 1314 746 miscent,

248 758 456 832 evidentrue
469 754 680 849 designetur
704 752 887 825 Noverun
899 770 1011 846 genus
1026 750 1187 835 adilonis
1205 778 1316 835 nemo

244 878 306 932 rne
244 854 595 946 rn'reprehendat
587 875 622 927 rn
642 854 811 944 punico,
842 869 950 924 nemo
969 853 1076 923 bonae
1092 854 1203 928 causae
1218 856 1317 928 infir·

244 976 344 1031 mum
373 954 442 1026 esse
465 953 603 1044 judicet
628 950 875 1032 defensorem,
913 971 1031 1023 nemo
1051 950 1191 1043 Judicet
1223 959 1315 1029 obli·
1326 980 1334 995 ··
1397 1004 1400 1009 -

202 1124 206 1133 ,
246 1076 389 1148 quum,
425 1073 536 1125 nemo
563 1048 802 1125 adversarium
829 1049 992 1123 dolosum
1018 1051 1052 1120 dr
1074 1053 1316 1150 licentiosum,

202 1188 213 1237 :
246 1155 307 1228 cui
329 1153 449 1226 omnia
468 1155 744 1242 permittuntur;
773 1163 836 1240 ut,
863 1170 943 1222 curn
960 1149 1004 1222 de
1022 1148 1076 1222 his
1091 1152 1182 1243 justa
1206 1173 1335 1248 atque-

202 1288 214 1345 3
245 1254 434 1327 evidentia
447 1254 692 1342 requirantur
720 1249 833 1322 hbeat
844 1249 913 1320 rllrs
928 1248 1116 1337 delrcate,
1125 1258 1338 1375 quomodo-

202 1352 213 1439 ξ
246 1353 466 1442 voluerint,
471 1351 635 1423 nebulas
653 1370 694 1421 ac
711 1350 876 1428 tenebrae
891 1350 1115 1445 obtendere,
1142 1359 1317 1430 utveniri
1376 1372 1395 1381 ·’

201 1494 212 1541 :
247 1473 326 1526 non
345 1450 448 1544 possit
465 1451 508 1521 ad
525 1451 703 1522 cardinem
722 1449 897 1523 veritatis.
934 1449 983 1519 Er
998 1450 1063 1519 alea
1081 1477 1199 1524 manu.
1224 1454 1317 1528 Peti·
1327 1477 1332 1485 ·

250 1554 364 1626 lianns
383 1547 581 1643 Episcopus
602 1549 845 1640 appellatione
862 1549 1035 1620 incolumi
1053 1557 1301 1648 recognovi.

201 1694 212 1743 ι
330 1673 410 1744 194.
438 1652 648 1720 Marcellinus
663 1655 720 1718 vir
731 1643 919 1737 clariffimus
932 1642 1095 1719 Tribunus
1106 1650 1144 1727 Θ
1154 1657 1319 1726 Mearm

201 1749 358 1843 3dixit:
384 1747 470 1820 Duo
487 1744 588 1840 sunt,
616 1768 692 1840 quae
711 1744 872 1819 sanctitas
888 1760 949 1819 tua
965 1749 1117 1823 credidit
1136 1752 1318 1845 p-ostusan

201 1849 319 1941 da;
345 1868 478 1938 unum,
502 1861 544 1919 ut
561 1847 824 1939 mandatum,'
815 1868 852 1917 rn
874 1866 948 1936 quo
972 1847 1081 1943 legati
1095 1853 1221 1925 delecti
1239 1853 1320 1931 sunt

201 1996 210 2029 ι
201 1938 580 2040 aparteediverso
597 1943 759 2038 srstente,
784 1947 1026 2041 relegeretur,
1053 1949 1169 2045 aliud,
1196 1969 1318 2032 utrum

249 2146 424 2221 strarent.
470 2145 826 2243 derisimusEpr'scopus
841 2146 941 2221 dixit:
968 2146 1223 2242 Respondeant
1240 2157 1320 2230 bre·

201 2295 213 2343 g·
253 2247 350 2317 viter
368 2246 410 2317 ad
430 2259 632 2339 utrumque.
669 2246 801 2319 Erasia
818 2271 923 2320 manu.
960 2246 1154 2323 Petilianus
1175 2251 1320 2346 Episco-

204 2402 212 2439 :
252 2364 320 2437 pus
345 2346 558 2442 recognovi.
613 2347 830 2419 Marcellinus
851 2354 909 2417 uir
930 2346 1122 2437 esariffimus
1151 2353 1346 2421 Tribunus.
1394 2403 1398 2411 ·

200 2530 208 2545 ⁵
252 2445 457 2519 &Maurius
469 2449 571 2517 dixit:
590 2446 666 2519 Uni
678 2448 753 2537 rei,
769 2449 939 2536 quoniam
951 2467 1029 2518 mea
1039 2449 1232 2537 intererat,
1246 2450 1322 2544 ipse

250 2544 430 2637 respondi.
483 2545 565 2617 Nec
579 2548 673 2618 eninr
690 2547 735 2617 de
747 2545 801 2617 hia
818 2545 942 2656 legatis
959 2542 1124 2634 poteram
1143 2549 1322 2643 dubitare,

200 2696 215 2745 =
254 2645 300 2716 de
327 2663 479 2733 quorum
501 2645 686 2756 legatione
712 2643 1012 2757 pronuntiaverat
1036 2644 1322 2722 clementissimus

212 2742 478 2839 5lnrperator,
504 2762 550 2813 ne
571 2742 608 2812 in
626 2742 700 2832 ejus
720 2741 882 2832 injuriam
898 2739 1057 2813 refricari
1075 2744 1207 2836 aliquid
1223 2749 1323 2820 vide·

200 2898 214 2911 .
257 2854 368 2914 retur.
402 2838 511 2912 Aliud
525 2858 617 2911 vero
633 2859 759 2912 eorum
776 2837 918 2911 constat
932 2840 1244 2931 prosecutionibus
1262 2848 1323 2921 de·

200 2998 213 3017 .
214 2938 424 3030 finitum,
458 2939 585 3029 quibua
606 2939 642 3010 id
663 2937 855 3012 evrdenter
872 2937 1049 3014 ostensum
1069 2940 1142 3035 est,
1175 2948 1271 3019 velie
1287 2944 1325 3021 se

200 3034 211 3045 '
205 3062 279 3144 a
295 3040 467 3130 publico
454 3060 534 3129 Jure
548 3037 609 3111 sub
626 3059 669 3111 ea
685 3038 898 3111 conditione
914 3039 1115 3133 discedere,
1143 3043 1226 3117 srde
1242 3066 1324 3137 per-

205 3098 422 3225 sonarum
446 3132 665 3212 criminibus
681 3138 861 3212 taceretis.
913 3136 1036 3214 Unde
1044 3143 1212 3232 quoniam
1240 3146 1326 3221 hinc
1357 3222 1361 3229 ,

200 3304 201 3309 ,
205 3236 446 3310 conflictus
461 3253 597 3311 tantum
614 3235 810 3312 remansisse
826 3239 1075 3334 cognoscitur,
1102 3257 1143 3312 ut
1154 3245 1250 3334 ‚qui
1263 3268 1323 3337 pe-

199 3396 208 3435 2
200 3324 376 3410 titoris
391 3341 477 3411 loco
492 3338 650 3429 adsistat,
670 3337 925 3411 evidentiffime
938 3338 1215 3455 denronstretur,
1235 3365 1324 3434 quo·

199 3526 202 3537 Ι
255 3436 350 3511 niam
375 3437 468 3531 gesta
492 3458 512 3509 u
532 3436 649 3510 vestra
672 3451 774 3529 parte
798 3439 921 3512 oblata
939 3441 1089 3512 recitata
1109 3438 1207 3530 sunt,
1234 3446 1326 3534 pati-

257 3538 344 3611 mini
368 3538 487 3610 denuo
509 3539 698 3628 enarrer,
733 3556 811 3629 quae
835 3557 855 3611 a
876 3538 1015 3612 diversa
1038 3534 1143 3633 parte
1162 3538 1325 3616 offerun-

257 3649 341 3719 tur,
368 3639 412 3709 ab
428 3634 550 3710 officio
565 3637 719 3713 recitari.
1340 3694 1343 3699 .

338 3759 419 3833 195.
452 3739 626 3807 Petisiauus
650 3734 814 3828 Episcopus
835 3736 942 3806 dixit:
979 3732 1090 3828 Cujus
1113 3737 1209 3834 gesta
1230 3738 1340 3834 sunt,-

260 3854 338 3925 quae
358 3860 377 3909 a
396 3838 559 3928 partibus
579 3836 666 3908 meis
685 3838 834 3908 recitata
851 3832 958 3925 sunt?
985 3835 1010 3909 sr
1030 3836 1192 3913 absentes
1212 3839 1326 3914 essent

261 3935 447 4010 ediverso
471 3936 654 4026 sistentes,
690 3935 792 4008 licuit
815 3920 904 4026 tibi,
938 3936 995 4007 vir
1014 3940 1170 4032 nobilia,
1205 3938 1329 4013 absen·
1333 3974 1337 3985 ¹

261 4050 339 4113 tum
348 4051 481 4133 partes
502 4037 692 4135 judiciario
713 4054 834 4213 arirrpo
855 4032 1048 4116 defensare.
1104 4037 1341 4206 Nuncxprars·

820 4152 841 4225 ς
1228 4154 1286 4204 en

648 4438 717 4455 ..μ
859 4418 916 4456 J.
976 4411 984 4425 “
