3200 4784
568 323 822 384 memoratum
844 307 999 380 inanium
1025 313 1310 404 perplexitates,
1344 309 1422 397 cun

566 408 640 483 nati
657 407 803 479 nomine
820 407 1103 499 contendiii'ent‚
1131 415 1228 500 quod
1248 438 1332 492 non
1353 423 1422 496 Cau

567 508 625 580 sed
645 502 800 577 easenus
821 503 988 577 Donatus
1014 511 1049 578 in
1071 510 1209 602 judicio
1228 515 1422 596 Melchieu

566 605 797 680 Caecilianum
825 602 1003 696 astitiiiet‚
1041 605 1167 702 (quod
1195 612 1227 683 &
1258 615 1422 698 Catholi

565 703 706 800 bant‚)
732 705 923 794 aliquando
943 712 1127 781 transitum
1147 709 1209 786 est.

641 809 717 900 Cap.
737 807 850 876 XXI.
880 804 1020 878 Deinde
1039 809 1119 897 quia
1134 808 1378 891 Constantini
1401 823 1422 908 ii

563 907 630 978 bus
657 924 738 977 eum
764 906 859 975 inter
886 923 1003 997 partes
1031 909 1267 1004 cognoviffe,
1299 916 1338 987 dc
1365 939 1422 1012 pn

564 1021 693 1075 contra
728 1003 810 1072 illos
836 1003 1006 1092 judicaiie
1033 1006 1243 1101 constabat,
1278 1021 1422 1113 ,cognii

563 1103 647 1194 quid
662 1101 857 1190 haberent,
878 1101 1093 1193 respondere
1109 1111 1288 1202 cogebat,
1308 1122 1422 1206 petiu

368 1165 373 1176 Ι
459 1289 473 1298 „
561 1201 721 1277 libellum
740 1198 810 1273 eiie
829 1202 1073 1294 recitandum,
1094 1227 1197 1296 quem
1214 1209 1409 1292 dicebant

562 1302 719 1376 stantino
743 1301 973 1391 amajoribus
990 1302 1068 1379 suis.
1120 1306 1159 1377 In
1183 1329 1258 1398 quo
1285 1314 1422 1393 libello

485 1429 488 1434 ·
559 1416 669 1492 teque
685 1400 997 1492 monstraverunt,
1032 1425 1136 1494 quam
1155 1405 1281 1483 falsum
1301 1416 1422 1492 dixer

559 1503 710 1573 natione
732 1495 910 1572 Caeciliani
931 1503 1024 1592 apud
1041 1504 1207 1580 Brixiam.
1261 1509 1373 1590 ldem
1397 1541 1421 1612 q

558 1595 612 1672 lu's
628 1597 806 1680 ostendit,
834 1602 1127 1690 quemadmodum
1144 1620 1275 1688 euntia
1293 1632 1370 1686 eos
1390 1620 1422 1692 se

558 1699 742 1772 stantinus.
792 1698 886 1771 Nam
906 1701 953 1770 ibi
977 1702 1100 1773 dicunt
1120 1707 1369 1786 nullomodo
1394 1717 1422 1793 s<

558 1814 705 1871 cetoros
721 1796 864 1870 antistiti
881 1800 984 1888 ipsius
1002 1804 1195 1892 nebuloni,
1222 1826 1422 1910 paratosqi

555 1899 656 1990 peti,
685 1897 854 1989 quidquid
874 1899 922 1968 eis
942 1898 1060 1970 facere
1078 1902 1257 1980 vuiuiffet.
1315 1914 1422 2013 Qum

470 2079 476 2088 ,
553 2000 620 2070 tini
641 1994 831 2069 antistitem
851 1991 1068 2071 nebulonem
1086 2002 1210 2092 utique
1225 2003 1422 2090 Caeciiiam

555 2099 742 2169 volebant.
803 2097 1004 2190 Quomodo
1027 2119 1114 2194 ergo
1136 2123 1214 2175 eum
1234 2102 1422 2190 Constan:

552 2210 625 2269 tem
645 2197 832 2285 dicebant,
860 2198 915 2265 cui
939 2193 972 2267 se
991 2214 1120 2270 contra
1135 2198 1422 2292 Constantinun

549 2317 629 2368 non
648 2297 912 2369 communicare
933 2294 1215 2392 confirmabant,
1250 2303 1274 2376 fi
1305 2329 1402 2390 eum

1177 2415 1218 2441 nt
1243 2421 1262 2441 n
1321 2410 1394 2441 :H-

549 2394 739 2439 stantinnm
764 2393 1018 2439 (immunem
1073 2401 1120 2440 ivn
1267 2404 1290 2441 Ι.
