3200 4784
373 443 450 520 'or
474 442 884 520 Donar'rsranuru
909 441 1171 520 Hrsronrn.
1247 462 1319 539 531

244 621 308 686 ter
330 625 399 679 eos
420 607 589 680 volumus
611 605 828 694 admonere,
856 620 896 677 ut
916 624 1075 678 errorem
1099 604 1198 679 suum
1220 606 1320 701 cogi·
1387 624 1391 631 ·

246 707 362 782 tando
384 705 418 778 ἃ
441 705 666 801 agnoscendo
687 726 761 778 non
777 707 981 800 negligunt,¹
1011 718 1072 776 aut
1091 705 1114 778 sr
1136 723 1265 798 putant
1283 704 1319 780 se

244 810 384 890 habere
400 806 532 895 aliquid
550 805 735 895 veritatis,
754 826 829 876 non
851 827 926 876 eam
942 803 1082 876 furiosis
1101 807 1319 878 Circumcel-

245 911 388 983 lionum
404 905 588 976 violentiis
605 919 731 975 contra
749 905 926 995 publicam
944 905 1119 993 quietum,
1148 904 1205 976 sed
1222 918 1318 976 tran-

248 1010 360 1099 quilla
383 1005 533 1075 rationis
553 1005 758 1076 redditione
777 1004 981 1076 defendant.
1033 1004 1142 1075 Vnde
1161 1007 1316 1096 petimur

245 1106 499 1181 sublimitatem
518 1117 637 1194 tuam,
663 1116 726 1193 ut,
754 1124 833 1175 cum
857 1106 922 1174 eos
950 1104 993 1173 de
1012 1105 1078 1175 lrac
1096 1125 1136 1174 re
1162 1124 1225 1195 per
1242 1126 1318 1177 ma·

246 1205 414 1303 gistratus
430 1201 504 1275 five
517 1203 553 1273 in
568 1204 778 1283 ,civitatibus
796 1203 916 1273 sivein
937 1204 1199 1294 pertinentibus
1217 1203 1317 1275 terri-

248 1308 355 1378 toriis
377 1303 569 1374 admonere
590 1302 836 1383 voluerimus,
871 1306 1010 1393 copiam
1033 1305 1138 1374 nobis
1165 1303 1317 1394 praeberi

248 1403 454 1501 gestorum,
487 1401 520 1472 br
539 1421 603 1473 eos
624 1422 666 1474 ex
684 1403 899 1496 allegatione
916 1398 1035 1471 nostra
1057 1396 1212 1475 honeste
1231 1423 1319 1476 con·

249 1504 377 1590 venire
403 1505 613 1593 praecipias3
649 1501 745 1590 quod
770 1498 951 1572 consecuti
974 1519 1114 1594 agamus
1138 1504 1319 1593 excellen-

249 1606 311 1676 tiae
329 1616 399 1673 tuae
418 1602 509 1691 apud
528 1600 643 1670 Deum
658 1602 786 1671 uberes
827 1602 942 1672 ratias.
973 1599 1064 1670 Data
1082 1603 1126 1671 'ab
1144 1601 1317 1674 universis

245 1621 1317 1794 EpiscopiscunollcisexconcffiioCarthaginensinomino

248 1792 597 1878 nollro'slreodosro
609 1795 916 1892 Augustoerum
938 1799 1026 1869 ·rido
1041 1802 1123 1869 uiro
1135 1799 1318 1873 clarissimo

200 1934 205 1985 t
251 1899 487 1986 Consulibus,
520 1895 1119 1991 ldibusSeptembrisCarthagine.
1171 1900 1320 1994 Sepllmr'·

201 2074 206 2083 ,
250 2027 314 2074 nus
325 2007 383 2070 vir
394 1994 585 2088 cluriffimus
599 1997 764 2083 Proconsul
778 2000 886 2067 dixils'
909 1995 947 2067 ln
961 1998 1124 2094 quolibj't
1139 1999 1225 2070 loco
1244 2001 1319 2072 An·

200 2174 205 2184 ,
225 2108 228 2113 ’
247 2099 419 2175 tistitibus
437 2098 525 2192 legis
544 2097 760 2170 venerabilis
778 2098 829 2170 ob
848 2095 977 2187 quietis
998 2098 1184 2189 imperium
1203 2098 1319 2194 gesto·

201 2246 207 2253 -
246 2220 328 2274 rum
345 2194 658 2272 conficiendorum
676 2196 843 2269 tribuitur
859 2195 1028 2278 facultas,
1052 2197 1126 2270 hoc
1143 2201 1247 2270 etiarn
1265 2214 1319 2270 te·

201 2342 203 2349 ·
247 2317 344 2375 nore
371 2299 475 2388 hujus
496 2298 749 2390 praeceptionis
775 2297 957 2387 limitato,
994 2311 1033 2368 ut
1059 2298 1259 2390 intelligant
1284 2294 1319 2369 se

249 2399 365 2473 deviae
389 2399 505 2491 plebis
526 2395 696 2492 magistris
722 2393 907 2467 salubriter
933 2397 1138 2488 petentibus
1164 2401 1320 2485 propriae

201 2534 205 2541 ·
248 2497 485 2594 persuasionis
501 2498 690 2568 ratiocinia
704 2492 934 2584 persolvere,
956 2480 1003 2564 'ut
1019 2494 1125 2577 rebus
1143 2493 1178 2564 in
1198 2495 1320 2566 mettio

250 2599 403 2692 prolatis
419 2597 531 2668 amica
546 2594 633 2687 legis
649 2592 853 2683 moderatio
869 2589 1051 2684 servetur,
1072 2589 1323 2685 superstitione

201 2752 203 2781 2
250 2695 428 2790 supplosa.
481 2696 555 2784 Quo
573 2695 721 2775 recitato,

334 2812 413 2886 175.
444 2793 619 2862 Petilianus
642 2788 804 2884 Episcopus
818 2789 920 2859 dixit:
944 2787 1086 2863 Petitor
1099 2788 1168 2875 est,
1188 2792 1246 2885 qui
1262 2813 1324 2887 pe·
1375 2828 1382 2845 =

201 2972 202 2983 ¹
251 2895 320 2984 tit,
342 2913 385 2964 an
403 2891 487 2982 quid
506 2887 723 2961 vocabitur?
755 2887 798 2960 Er
812 2889 877 2958 alia
897 2914 1016 2964 manu,
1034 2888 1226 2964 Petilianus
1241 2893 1324 2984 Epi,-

225 2991 385 3083 &copus
415 2987 707 3082 prosecutionem
736 3008 864 3075 meam:
880 2988 1121 3084 appellatione
1147 2995 1324 3082 incolumi

253 3090 471 3187 recognovi.
929 3095 934 3103 '

335 3192 414 3284 176.
443 3188 631 3285 Augustinus
660 3188 826 3284 Episcopus
856 3188 988 3284 Ecclefiae
1018 3189 1188 3261 Catholicae
1213 3192 1322 3263 dixit:

253 3289 343 3366 Haec
364 3288 645 3383 postulavimus,
680 3286 739 3361 fed
759 3292 1043 3380 precedentibus
1064 3289 1190 3363 vestris
1209 3290 1330 3383 crimiss,

253 3389 484 3471 nationibus,
506 3389 538 3461 &
557 3382 853 3478 accusationibus.
892 3386 985 3461 Nam
1003 3388 1216 3483 proferimus
1235 3391 1326 3479 anti·

200 3486 205 3495 “
255 3489 411 3582 quiffima
425 3487 539 3584 gesta,
567 3490 695 3579 quibus
714 3485 822 3560 vestri
837 3489 986 3579 majores
1004 3503 1091 3559 tunc
1106 3489 1142 3559 in
1158 3502 1326 3580 tempore

255 3589 505 3663 adAnulinum
521 3598 701 3660 venerunt
714 3586 983 3680 Proconsulem,
999 3587 1093 3669 &illi
1111 3588 1270 3674 chartas,
1287 3591 1325 3663 in

257 3691 386 3779 quibus
404 3688 762 3777 dicerent,majorom
778 3686 981 3761 nostrorum
998 3688 1143 3760 crimina
1159 3685 1227 3759 elle
1238 3708 1328 3762 cona

256 3785 399 3881 scripta,
417 3785 674 3861 obtulerunt&
688 3790 933 3881 rogauerunt,
953 3800 994 3857 ut
1012 3785 1151 3857 easdem
1169 3787 1210 3857 ad
1229 3785 1328 3865 Con·

256 3885 448 3960 st'antinnm
472 3887 728 3978 Imperatorem
754 3884 904 3958 misisset.
957 3885 1030 3958 Has
1055 3880 1265 3978 offerimus,
1293 3889 1329 3962 δι

258 3986 413 4078 petimus
426 3988 653 4079 nobilitatem
670 3998 767 4079 tuam
780 4039 803 4079 ,Ι
821 4000 861 4056 ut
877 4007 936 4058 eas
951 3982 1073 4078 suscipi
1093 3986 1136 4058 ab
1154 3983 1276 4061 officio
1293 3987 1330 4059 br

240 4090 305 4189 ¹effx
317 4086 445 4163 ordine
454 4087 596 4163 recitari
606 4085 803 4271 praecippep.
829 4086 875 4158 Et
884 4088 950 4160 alia
959 4109 1069 4161 manu.
1097 4085 1341 4246 Recogxou'x.

315 4190 324 4203 ‘
798 4203 842 4261 ⁴2
1097 4202 1195 4280 ιη.
1261 4195 1317 4241 ue·
