3200 4784
383 403 877 498 nrDoitsnrsrliiiora
899 389 1203 506 Hrpn'o'riiair.
1257 427 1327 502 ²17
1368 441 1372 456 ·

575 511 579 532 ,
895 509 933 536 ·.
993 527 995 536 .

263 572 298 644 dr
323 567 501 664 condigba
527 563 707 658 strpplicia.
733 639 737 650 ,
766 563 824 636 Ex
860 564 935 637 hoc
960 566 1092 656 quippe
1116 566 1227 657 majus
1255 567 1328 642 Dei
1381 589 1387 608 ‘

262 672 383 744 summi
412 679 513 740 extat
531 664 732 758 justiusque
758 664 961 754 Judicium,
1000 665 1098 754 quod
1125 686 1190 738 eos
1221 687 1326 756 aequo

262 774 382 842 animo
405 770 560 846 tolerat,
596 763 817 854 &patientia
843 764 1082 852 condemnat,
1115 765 1168 864 his
1192 767 1327 847 omnia,

262 889 340 959 qne
361 873 403 939 ab
420 866 499 958 ipsis
518 861 778 957 processerunt,
794 861 1010 935 sustinendo.
1041 860 1141 935 Deus
1158 865 1328 954 siquidem

263 970 298 1040 se
317 969 475 1038 omnium
493 965 673 1037 vindicem
688 960 874 1055 promifit„
913 960 961 1033 Et
973 962 1056 1034 ideo
1067 983 1152 1035 cum
1172 964 1329 1044 vinditla

266 1066 612 1159 meoparonem,
639 1066 753 1134 acrius
773 1061 817 1133 de
833 1062 984 1134 inimicis
1003 1059 1334 1154 supplimentum..

265 1181 334 1239 tiir.
387 1164 499 1259 Quod
519 1184 588 1238 vos
610 1182 707 1234 nunc
728 1160 881 1233 famulos
907 1162 939 1232 dt
961 1161 1176 1233 Sacerdotes
1196 1162 1265 1259 Dei
1287 1165 1329 1235 li·

266 1268 394 1337 beiiter
412 1261 531 1336 secisse
547 1264 730 1356 cognovi,
758 1261 792 1332 dt
809 1261 887 1332 satis
901 1264 1094 1356 gratulatus
1110 1260 1203 1353 suni,
1228 1262 1329 1352 quod

267 1366 312 1437 de
332 1366 446 1456 impiis
464 1363 498 1434 dt
514 1362 720 1450 sceleratis,
754 1358 927 1453 sacrilegis
952 1360 985 1432 ἃ
1001 1359 1186 1452 profanis,
1222 1359 1328 1452 perfi-

267 1466 318 1538 dis
340 1463 590 1556 &irreligiosis
612 1462 645 1533 dt
665 1462 750 1532 Deo
769 1461 914 1554 ingratis
940 1459 973 1530 dt
991 1458 1156 1532 Ecclesiae
1177 1462 1329 1534 inimicis
1371 1541 1375 1556 ,

256 1568 399 1636 ¹nullam
421 1562 612 1634 vinditiam
630 1558 794 1652 poscitis,
829 1559 924 1631 &iit
945 1559 1037 1631 idem
1059 1561 1181 1650 potius
1203 1560 1245 1631 ad
1267 1583 1331 1634 ve·
1373 1600 1375 1618 ι

267 1669 360 1735 iiiam
380 1664 583 1755 pertineant
603 1658 799 1752 postulatis.
853 1657 1007 1730 Hocclb
1021 1680 1108 1730 vere
1126 1680 1168 1730 ac
1186 1663 1333 1753 penitus

267 1765 389 1837 Derim
412 1757 536 1851 nosse,
563 1761 635 1832 hoc
655 1759 704 1830 est
718 1761 903 1849 preceptis
923 1757 1095 1844 insistere,
1123 1760 1195 1830 hoc
1213 1758 1263 1832 est
1280 1751 1333 1832 se·

269 1864 386 1932 liciter
407 1859 578 1948 credere,
604 1860 677 1929 lioc
696 1856 747 1929 est
767 1879 854 1929 vere
874 1856 1028 1937 sentire,
1065 1859 1138 1929 bot
1160 1857 1210 1930 est
1227 1858 1332 1954 scire,

272 1959 370 2051 quod
388 1960 501 2048 major
520 1956 674 2028 vindicta
690 1958 726 2029 in
747 1960 949 2028 contrarios
968 1954 1133 2046 Ecclesiae
1150 1967 1336 2049 provoce-

272 2073 354 2142 tur,
383 2077 462 2128 crim
486 2059 611 2128 iisdem
633 2060 668 2128 in
690 2057 810 2128 sectile
828 2057 994 2148 parcitur.
1046 2058 1209 2150 Accepta
1225 2060 1334 2154 igitur

273 2157 421 2249 epistola
433 2155 618 2251 Sapientia
637 2156 879 2229 &Gravitatis
897 2154 1032 2242 vestre,
1050 2158 1209 2248 comperi
1223 2159 1336 2230 here·

271 2262 366 2328 ticos
396 2258 469 2329 sive
497 2254 736 2330 schismaticos
766 2275 843 2327 eam
869 2255 1048 2329 Basilicam
1077 2255 1242 2328 Ecclesrae
1267 2253 1335 2328 Cass
1377 2297 1379 2302 ·

271 2359 438 2445 thelicae,
456 2377 559 2445 quam
577 2358 613 2427 in
634 2354 867 2428 Constantina
886 2356 1034 2426 civitate
1049 2354 1212 2448 jusseram
1231 2355 1337 2426 fabri·

274 2460 366 2535 cari,
394 2456 497 2527 solita
514 2456 746 2546 improbitate
769 2455 1006 2526 invadendam
1024 2453 1185 2545 putasse,
1213 2453 1245 2524 dt
1265 2453 1336 2526 fre·

274 2549 425 2646 quanter
448 2571 519 2627 ram
540 2556 682 2627 anobis
702 2575 805 2644 qnam
823 2576 841 2625 a
861 2553 1037 2641 judicibus
1062 2551 1190 2624 nostris
1209 2573 1253 2624 ex
1268 2574 1334 2624 no-

272 2655 340 2728 stra
356 2653 506 2743 jussione
522 2656 768 2726 commonitos
786 2654 818 2724 dt
836 2652 1009 2740 reddere,
1033 2651 1130 2744 qiipd
1147 2653 1243 2724 suem
1258 2673 1337 2727 non

274 2768 375 2842 erat,
413 2750 586 2842 noluisse,
615 2772 683 2821 vos
705 2766 825 2824 tamen
846 2751 1044 2822 imitatores
1066 2752 1245 2844 patientiae
1262 2753 1337 2828 Dei

275 2852 420 2941 summi,
449 2871 573 2922 eoriim
591 2851 731 2920 malitiae
747 2849 885 2944 placida
901 2862 1043 2941 niente,
1073 2872 1113 2922 ca
1129 2872 1204 2941 qtiae
1222 2850 1339 2925 vestra

276 2950 377 3039 sunt,
405 2949 730 3038 relinquentes,·&
754 2951 874 3042 potins
901 2952 1021 3022 locum
1050 2952 1155 3028 vobis
1178 2951 1338 3025 invicem

276 3053 381 3121 aliiim
409 3045 560 3120 fiscalem
586 3047 719 3120 scilicet
744 3047 902 3139 poscere.
975 3033 1102 3147 Quam
1120 3051 1339 3142 petitionem

275 3171 376 3224 more
400 3148 547 3220 instituti
563 3150 640 3223 „mei
665 3151 819 3220 libenter
843 3150 1026 3240 amplexus
1048 3148 1141 3241 suni,
1170 3149 1340 3222 &statim

275 3250 319 3321 ad
338 3249 564 3322 Rationalem
581 3263 833 3340 competentes
851 3248 989 3319 litteras
1007 3248 1109 3342 dedi,
1138 3263 1178 3319 iit
1192 3249 1339 3324 domum

230 3349 238 3360 ’
275 3352 456 3421 bonorum
469 3346 673 3421 nostrornm
688 3348 882 3442 transgredi
901 3347 1028 3438 faciat,
1050 3369 1129 3420 ciirn
1147 3349 1244 3419 omni
1258 3350 1339 3440 jure

275 3447 340 3520 suo
362 3448 405 3518 ad
428 3447 623 3520 dominium
636 3445 804 3520 Eccienae
818 3443 1036 3534 Catholicae,
1064 3468 1167 3535 quam
1195 3461 1339 3535 promta

279 3549 470 3619 libralitate
491 3546 652 3637 donavi,
688 3568 728 3619 ac
747 3548 856 3617 vobis
875 3546 963 3618 tradi
980 3547 1145 3636 protinus
1160 3545 1246 3636 jussi.
1298 3544 1342 3618 ln

281 3667 352 3736 quo
374 3661 492 3718 tainen
510 3647 598 3716 loco
617 3642 731 3717 sumtu
748 3642 855 3719 fiscali
871 3644 1049 3715 Basilicam
1071 3646 1156 3738 erigi
1177 3645 1342 3735 praecepi.

282 3746 342 3816 Ad
359 3743 588 3819 Consularem
610 3765 754 3837 qiioque
773 3743 873 3828 scribi
896 3744 1060 3817 mandavi
1078 3743 1274 3833 Numidia,
1301 3757 1344 3816 ut
1364 3791 1369 3808 ,

254 3842 356 3933 -ipse
386 3847 424 3916 in
455 3844 613 3934 ejusdem
644 3841 810 3922 Ecclesiae
840 3844 1076 3914 fabricatione
1106 3842 1142 3913 in
1176 3845 1344 3922 omnibus

282 3941 545 4041 sanctimoniam
568 3942 719 4016 vestram
737 3944 893 4033 juvaret.
955 3941 1128 4016 Leslores
1149 3944 1255 4014 ctiam
1276 3937 1347 4013 Ec·
1389 3940 1399 3948 “

281 4044 394 4119 clesiae
414 4042 608 4120 catholica
628 4042 980 4218 di'bypodgcones,
1006 4044 1164 4136 reliquos
1185 4039 1346 4136 quoque,

466 4192 467 4195 κ
512 4152 530 4170 “
622 4165 624 4170 ’
765 4213 768 4218 ,
853 4163 875 4234 s
923 4187 952 4230 ·.
1234 4141 1333 4246 <ius
