3200 4784
340 391 351 476 f
421 391 898 506 neDouarrsuauuu
922 381 1197 502 'lincurius¹
1267 445 1340 525 379

269 609 398 680 amnes,
422 583 463 663 D
473 584 673 682 monstrarier
689 581 777 652 uobis
787 584 973 674 schismata:
992 587 1068 681 filit
1084 603 1191 657 aaran
1202 588 1342 683 perfossi
1362 625 1364 630 ·

271 694 311 760 ia
327 688 426 759 eadem
437 685 562 778 βψς
577 686 617 761 (5
637 686 794 755 iraeadem
805 684 980 772 saurdmia.
1033 688 1240 777 Nuntiatum
1257 695 1341 760 enim

271 790 315 886 esi
336 790 439 874 milri,
459 786 586 878 fratres
602 790 681 863 mci,
705 783 744 856 ab
760 785 835 867 iris,
859 791 915 882 qui
924 786 1004 873 sum
1022 787 1151 865 carra,
1176 795 1254 885 qaia
1268 813 1342 861 ran.

273 894 433 962 tentiones
446 888 529 976 suut
546 892 583 955 ia
595 885 699 971 vobis,
728 884 766 961 (7
784 889 997 983 unnsquisque
1013 887 1149 981 vestrum
1163 891 1264 976 dicit,
1290 901 1343 985 ega'

273 992 399 1087 quidem
417 988 483 1072 sum
502 986 615 1072 Pauli,
640 1010 688 1078 ego
707 1001 815 1054 aurern
834 987 960 1079 Apollo,
986 1010 1035 1077 ega
1049 1011 1125 1061 uera
1145 990 1270 1084 Cepha,
1291 999 1343 1085 ega

273 1105 381 1161 aurem
398 1086 534 1182 Christi:
560 1085 735 1180 divisuras
759 1080 928 1180 Chrrflus?
962 1090 1132 1185 Numquid
1152 1091 1271 1159 Paulus
1281 1099 1343 1187 pra
1371 1099 1374 1107 '

275 1191 366 1259 vohis
388 1190 557 1279 crucifixus
579 1188 639 1284 cst,
666 1201 724 1256 aul
743 1189 780 1254 in
796 1191 925 1255 nomine
946 1189 1130 1283 Parrhasiis
1153 1188 1344 1284 baptizati!

274 1289 386 1362 Unde
409 1286 569 1379 uiuos,
601 1305 755 1376 quorum
776 1298 903 1357 contra
924 1305 1084 1360 errorem
1106 1286 1139 1360 ὰ
1160 1309 1228 1381 pro
1252 1310 1343 1382 quoa
1370 1307 1375 1325 “

275 1410 356 1463 rum
379 1387 490 1460 salute
505 1385 655 1459 nomine
672 1382 799 1456 Christi
822 1387 1012 1480 elegimus,
1047 1387 1105 1476 qui
1128 1408 1254 1463 eorum
1277 1391 1348 1463 cris

276 1488 535 1563 minationibus
560 1484 651 1558 salsos
674 1487 849 1574 vanisque
872 1482 1136 1578 respondeant,
1170 1489 1207 1560 in
1233 1487 1344 1563 sacra-
1378 1525 1381 1532 ·

276 1589 407 1662 mentis
421 1586 550 1660 Christi
563 1583 692 1657 fratres
710 1584 853 1656 nostros
868 1584 1114 1679 agnoscimus,
1136 1607 1206 1659 nec
1218 1608 1346 1665 eorum

278 1686 495 1760 detestamur
510 1685 802 1779 perversitatem,
830 1682 889 1755 sed
900 1682 971 1776 ipsa
988 1682 1115 1758 Christi
1129 1686 1347 1763 sacramenta

278 1788 318 1858 in
338 1789 386 1857 eis
403 1787 620 1879 probamus,
648 1783 681 1854 ἃ
698 1782 900 1854 rescindere
917 1803 992 1855 non
1008 1787 1195 1864 audemus:
1224 1795 1346 1863 memi.
1363 1857 1374 1874 g

279 1887 396 1964 nimus
411 1885 516 1957 -enim
539 1903 603 1977 per
627 1881 845 1975 Prophetam
869 1880 938 1955 elle
958 1899 1202 1977 preceptum,
1229 1892 1348 1961 Audite

280 1991 337 2082 qui
348 1990 475 2082 pavetis
487 1985 613 2053 uerbum
627 1985 779 2067 Domini,
800 1984 910 2053 dicite:
931 1987 1061 2054 Fratres
1075 1986 1173 2081 austri
1185 1985 1276 2083 asiis,
1290 1987 1356 2060 his?

281 2090 338 2183 qui
352 2111 409 2154 vor
424 2086 578 2173 oderunt,
605 2080 644 2159 (5
659 2088 715 2179 qui
726 2083 1002 2179 vordet'cftaatur,
1028 2101 1066 2154 ar
1080 2111 1193 2156 nomen
1215 2090 1349 2160 Domini
1372 2134 1374 2138 ·

280 2188 521 2275 honorificetur,
550 2183 588 2258 (5
601 2197 752 2276 appareat
771 2183 838 2252 illis
851 2192 887 2251 iro
896 2184 1111 2278 jucunditate.
1157 2187 1234 2281 Jam
1248 2188 1348 2278 quod

281 2285 464 2377 sequitur,
497 2283 560 2378 ips1
577 2282 761 2356 salubriter
781 2282 930 2375 dicant,
963 2286 1024 2356 vel
1044 2306 1063 2356 a
1082 2284 1264 2377 Propheta
1283 2289 1350 2379 po*

282 2390 352 2458 tius
370 2405 473 2476 quam
491 2405 510 2454 a
525 2384 632 2456 nobis
652 2384 725 2455 hoc
741 2382 907 2470 audiant3
938 2404 1006 2455 nos
1022 2385 1162 2457 leniora
1184 2385 1349 2480 dicimus,
1360 2411 1367 2472 ,ᾗ

281 2500 324 2557 ut
341 2506 465 2576 pacem
484 2484 607 2576 patius
627 2502 707 2553 cum
725 2478 916 2573 comediis,
938 2503 1041 2571 qnam
1057 2486 1156 2556 litem
1171 2505 1254 2559 cum
1269 2506 1351 2578 per·

283 2584 393 2656 uersis
409 2585 622 2673 habeamus,
646 2581 772 2651 iratres
789 2579 934 2652 nostros
950 2580 1019 2653 elle
1033 2582 1201 2669 dicimur,
1227 2600 1269 2655 ut
1285 2583 1375 2674 nos

283 2703 367 2759 men
394 2682 542 2756 Domini
565 2676 859 2766 honorificatum
893 2682 974 2770 quia
998 2681 1082 2753 ideo
1104 2684 1354 2758 nosoderunt

286 2783 320 2855 ἃ
345 2781 585 2871 detestantur,
612 2777 682 2850 elle
707 2777 741 2850 se
763 2779 892 2850 fratres
915 2778 1059 2852 nostros
1079 2789 1236 2876 negant3
1271 2787 1355 2874 quia

286 2902 420 2955 nomen
435 2883 623 2954 hominum
643 2881 686 2949 ab
702 2880 751 2950 eis
771 2878 879 2972 magis
898 2900 1000 2970 quam
1016 2880 1163 2953 Domini
1180 2880 1356 2956 honorifi-

287 2995 401 3053 catur.
443 2979 499 3049 Ac
516 3000 579 3072 per
597 2980 670 3053 hoc
682 2977 812 3050 fratres
828 2976 1094 3072 &Coepiscopi
1109 2980 1240 3073 nostri,
1259 3002 1352 3073 qnos

257 3155 260 3160 ,
288 3081 332 3153 ad
359 3100 483 3151 eorum
511 3078 1057 3172 criminationes*redarguendas
1085 3081 1284 3176 elegimus,
1317 3082 1357 3155 in

287 3183 356 3255 hac
375 3179 593 3269 collatione,
622 3199 699 3271 quae
718 3177 798 3251 cum
815 3179 865 3249 eis
879 3179 1043 3251 habenda
1060 3179 1131 3273 est,
1158 3177 1355 3255 Ecclesiam

288 3276 439 3352 santiam
459 3276 625 3349 adversus
643 3298 768 3349 eorum
789 3276 929 3368 obieila
949 3276 1157 3354 defendant.
1196 3329 1198 3334 -
1217 3279 1358 3352 Dicunt

289 3380 406 3466 enim,
425 3379 523 3467 quod
538 3378 614 3449 haec
630 3375 785 3449 Ecclesra
801 3375 929 3470 (quam
945 3379 981 3450 in
999 3377 1098 3472 Lege
1114 3378 1147 3449 &
1166 3377 1358 3469 Prophetis

288 3480 323 3551 uc
341 3476 480 3547 Psalmis
497 3477 699 3567 accepimus
718 3477 1010 3569 praenuntiatam,
1034 3498 1145 3568 opera
1158 3476 1358 3552 Salvatoris

290 3574 486 3667 expressam
508 3575 541 3646 δι
561 3575 729 3669 sanguine
750 3575 992 3665 redemptam,
1026 3574 1290 3668 Apostolorum
1312 3579 1361 3650 la·

290 3679 442 3751 boribus
460 3672 711 3747 disseminatam
729 3690 837 3763 atque
853 3677 1071 3767 plantatam,
1105 3676 1360 3766 incipientibus

292 3780 337 3848 ab
350 3773 555 3871 jerusalem,
576 3776 637 3846 ubi
653 3775 848 3848 incentum
866 3775 994 3871 viginti
1008 3777 1140 3848 animas
1158 3774 1256 3847 hmul
1273 3781 1361 3849 coni·

256 3911 259 3919 ·
295 3890 455 3972 gregatas
473 3873 606 3947 sanatus
621 3871 773 3962 Spiritus
791 3874 913 3956 venit,
939 3894 1100 3965 eosque,
1133 3874 1170 3946 in
1187 3893 1278 3965 quos
1298 3897 1362 3949 ve·

294 3974 372 4055 nit,
398 3976 527 4070 linguis
546 3974 712 4062 omnibus
732 3973 890 4066 gentium
909 3975 1010 4066 loqui
1029 3973 1187 4066 faciens,
1213 3974 1365 4062 eviden·

275 4074 424 4182 ,uffimo
446 4074 547 4178 liguo
570 4073 699 4152 docuit
715 4072 910 4156 Ecclesiam
928 4092 995 4172 per
1016 4093 1146 4154 omnes
1164 4071 1382 4171 gemem-¹

474 4182 476 4184 ’
1200 4180 1355 4248 turam,
