3200 4784
406 406 1187 509 ncnontatsciccnum'ontt.
1239 448 1334 530 507

264 593 462 706 petierunt.
507 593 552 663 Et
568 593 635 661 alia
653 615 762 663 manu
808 587 986 669 Emeritos
1014 588 1222 687 Episcopus
1238 591 1341 672 salva·

264 694 511 793 appellattone
524 690 644 764 nostra
660 683 875 786 recognovi
983 706 985 715 ’
1335 730 1343 752 ι

343 803 399 873 88.
427 795 574 885 Alypius·
579 791 745 884 Episcopus
766 791 900 881 Eccscfiae
918 788 1084 858 Catholicae
1101 792 1206 864 dixit.
1233 791 1335 867 Suffi-

262 894 317 965 cit
329 895 400 983 jam
415 890 572 986 rescripti
592 891 770 964 recitatio.
823 887 1084 982 Agnoverunt,
1106 891 1190 982 quid
1206 896 1333 966 volue-

262 995 315 1066 rit
337 997 520 1066 internos
544 988 668 1062 discuti
693 986 1211 1079 clementiffimuslmperator.
1263 993 1334 1066 Re·

261 1105 486 1168 moveantur
511 1088 709 1182 superflua,
736 1088 780 1160 ad
802 1086 937 1163 causam
959 1091 1155 1165 veniamus.
1210 1091 1334 1166 Const-

264 1191 462 1266 derandum
476 1188 526 1263 est
544 1191 657 1278 enim,
685 1189 768 1278 quid
785 1200 866 1282 agat
878 1204 958 1279 pars
976 1186 1133 1278 diversa;
1160 1192 1335 1265 videlicet

265 1291 567 1384 quemadmodum
589 1290 710 1379 priore
727 1288 865 1380 judicio
883 1289 1110 1382 longitudine
1134 1292 1335 1379 praeterito·

265 1412 346 1464 rum
366 1389 545 1485 gestorum
561 1389 750 1479 praetendit
761 1387 999 1476 dilationem,
1027 1392 1077 1459 lta
1096 1389 1201 1462 etiam
1223 1391 1335 1467 hodie

267 1489 443 1563 desiderat
462 1487 644 1580 superfluis
661 1488 806 1559 codices
824 1505 997 1575 onerare,
1025 1500 1065 1557 ut
1083 1489 1168 1561 item
1191 1489 1335 1564 causen-

267 1604 330 1661 tur
353 1590 398 1661 de
422 1609 525 1662 rnora
549 1587 864 1660 describendorum
889 1587 951 1658 vel
974 1585 1193 1663 edendorum
1219 1590 1337 1684 gesto·

267 1709 360 1763 turn.
401 1689 448 1758 Ει
467 1689 532 1757 alic
551 1712 660 1760 manu.
695 1687 924 1781 Recognovi.
964 1686 1149 1756 Montanus
1171 1691 1336 1785 Episcopus

270 1791 375 1859 dixit.-
406 1785 468 1858 Tu
488 1806 607 1859 moras
627 1784 798 1874 innectis,
836 1805 916 1858 cunt
937 1805 1012 1857 non
1032 1787 1200 1877 profers,
1235 1789 1337 1878 quod

269 1907 342 1962 nos
359 1900 428 1958 ate
445 1885 654 1981 flagitamus.
685 1887 730 1956 Er
745 1891 812 1956 alia
826 1909 934 1953 manu.
968 1884 1170 1959 Montanus
1188 1886 1338 1977 Episco-

270 2006 341 2103 pus
365 1983 658 2082 prosecutionem
683 2005 797 2059 meam
820 1988 1046 2080 recognovi,
1061 1982 1172 2061 salvo
1196 2009 1337 2082 provo

273 2088 426 2161 cationis
445 2079 633 2176 effeclu..
726 2109 729 2115 ·

349 2198 406 2279 89.
439 2188 617 2257 lentinuus
639 2183 808 2280 Episcopus
829 2183 933 2254 dixit.-
967 2181 1135 2259 Proxime
1159 2189 1339 2278 praeterita

272 2288 616 2402 cognitionemque
644 2285 892 2362 controversia
921 2286 1084 2399 quamvis
1111 2299 1194 2358 ante
1225 2284 1338 2359 causae

271 2386 481 2501 principium
503 2387 714 2458 ventilatum
734 2405 811 2456 non
831 2382 955 2455 nostro
973 2384 1067 2456 vitio
1082 2403 1201 2474 neque
1216 2383 1338 2473 nostra

272 2489 452 2580 petitione
471 2485 678 2556 dilationem
698 2480 905 2573 provenisse
925 2479 1149 2556 manifestum
1171 2481 1246 2572 est,
1278 2481 1340 2557 sed

272 2588 494 2660 humanitate
515 2584 733 2674 judiciorum
759 2594 931 2669 tuorum,
968 2599 1070 2669 quarn
1095 2600 1170 2656 non
1190 2596 1339 2674 poteras

276 2685 468 2778 denegare:
490 2697 622 2771 quippe
635 2699 716 2750 cum
731 2690 946 2770 exceptores
959 2679 1100 2750 onerati
1112 2681 1339 2781 longitudine

275 2779 533 2855 controversrae
559 2799 599 2849 ac
624 2777 832 2867 prolixitate
853 2776 888 2848 id
910 2778 1015 2849 etiam
1041 2773 1257 2869 profeffione
1280 2779 1341 2855 sua

276 2878 537 2971 responderint.
589 2876 696 2949 Unde
719 2877 888 2966 quoniam
908 2874 970 2948 ista
991 2875 1132 2969 peracta
1154 2878 1253 2968 sunt,
1281 2879 1340 2953 sed

275 2978 365 3056 secit
386 2979 469 3052 inde
490 2976 600 3050 hodie
624 2976 874 3065 mentionem,
909 2976 993 3048 ideo
1017 2975 1093 3049 haec
1114 2979 1217 3050 volui
1236 2979 1340 3071 repli-

278 3100 371 3154 care
423 3076 474 3149 At
493 3097 590 3148 nunc
611 3075 757 3148 eosdem
777 3095 873 3147 nunc
890 3095 1009 3148 moras
1028 3074 1234 3170 innesiere,
1262 3098 1343 3151 eos·

277 3177 396 3252 dem
387 3199 423 3248 tn
445 3175 606 3268 praesenti
632 3173 772 3248 ustione
796 3175 998 3247 obtendere
1022 3166 1191 3266 nebulas,
1225 3197 1272 3248 ne
1297 3176 1341 3250 ad

277 3298 405 3352 eorum
430 3277 614 3350 mendacia
634 3275 847 3388 veniamus,
877 3273 948 3367 ipsa
968 3294 1093 3349 eorum
1116 3277 1341 3351 taciturnitas

275 3375 462 3453 monstrat.
520 3378 737 3464 loquuntur
762 3375 883 3464 enim,
922 3394 1001 3446 curn
1028 3387 1178 3465 tacent,
1214 3376 1249 3448 se
1276 3397 1343 3449 vc·

276 3479 348 3550 reri
388 3477 422 3547 id
455 3474 651 3566 proferre,
697 3473 795 3564 quod
829 3472 1094 3546 clementissmo
1128 3473 1344 3589 imperatori

277 3576 418 3652 mentiti
436 3574 526 3649 sunt
577 3574 640 3645 Si
630 3574 737 3668 igitur
753 3572 840 3645 freti
851 3570 928 3644 sunt
948 3574 1054 3644 bonae
1071 3573 1258 3664 petitionis
1276 3594 1344 3646 uo·

277 3662 418 3749 lutitate
442 3688 549 3764 atque
569 3674 721 3761 ordine,
749 3671 833 3763 quid
857 3693 932 3745 eam
957 3671 1122 3744 dubitant
1140 3671 1346 3746 ventilares

279 3771 329 3845 Et
343 3775 511 3866 quoniam
530 3769 685 3866 potestas
702 3787 762 3842 tua
767 3768 969 3844 meminisse
982 3771 1160 3866 dignatur,
1174 3773 1208 3843 id
1222 3774 1346 3865 priore

283 3872 531 3947 controversa
552 3874 744 3965 agitatum,
777 3884 819 3941 ut
841 3885 902 3941 aut
920 3871 999 3960 jure
1018 3871 1166 3961 publico
1183 3885 1345 3970 egerent,

282 3986 344 4043 aut
356 3976 443 4068 legis
460 3971 648 4056 dominicae
659 3967 873 4040 ausioritate
887 3966 1142 4046 descenderent
1153 3970 1348 4065 disputare,

281 4070 391 4163 idque
410 4070 478 4148 suo
499 4071 583 4223 milti
606 4067 801 4167 promisere
819 4066 1009 4160 consensu,
1034 4071 1204 4146 nobilitas
1227 4085 1348 4147 autem

1242 4181 1319 4232 KQ
