3200 4784
415 505 418 510 .
1248 449 1355 520 xxix

279 593 440 713 jeilum
463 594 654 712 piltune:
690 589 789 700 fecit
804 597 846 685 dr
864 593 946 710 ipse
962 594 1098 694 color,
1127 601 1186 686 rel
1206 627 1351 715 reprae-
1402 640 1406 650 ·

280 716 444 802 sent'atae
471 715 644 801 omnino
670 715 962 816 conveniens,--
984 710 1051 798 sed
1075 712 1182 819 talis,
1220 744 1350 831 quern

280 830 509 917 describere
534 826 651 921 aliae,
677 851 858 939 nequeo
875 853 902 936 3·
933 853 1059 940 quam
1096 853 1144 913 ut
1179 830 1231 918 ab
1269 835 1280 915 i
1314 829 1352 918 sa

280 944 388 1029 iride
410 966 558 1029 mutuo
586 937 944 1026 sumtum‘dicam.
1003 944 1046 1029 Si
1070 941 1165 1026 licet
1188 971 1240 1029 ex
1282 973 1351 1035 en·

286 1058 396 1144 fiune
428 1057 505 1143 hac
534 1056 746 1167 iudicare,
787 1053 884 1141 huic
912 1058 1020 1139 inter
1049 1055 1190 1141 Oeseri
1218 1059 1350 1170 piflu·
1415 1083 1417 1088 ·

281 1197 346 1258 ms
372 1176 560 1285 primum
582 1170 723 1256 locum
742 1164 908 1279 darem3
938 1169 981 1255 δι
998 1167 1025 1253 fi
1042 1167 1191 1369 dipfiae
1208 1175 1349 1261 vivere

281 1289 560 1399 maestumque
581 1281 660 1369 else
677 1285 957 1396 contingeret,
988 1309 1057 1368 cer
1076 1311 1098 1369 e
1115 1284 1200 1370 huc
1217 1284 1351 1374 solum

280 1402 417 1485 solatia
432 1427 478 1487 ac
498 1396 836 1513 tranquillitatem
854 1397 1045 1483 haustum
1062 1402 1264 1488 venirem.
1307 1405 1352 1489 Si

250 1584 256 1614 ,
282 1514 451 1629 quando
480 1540 502 1597 e
535 1519 673 1626 regius
691 1507 859 1597 libellus
882 1508 1054 1596 Philotas
1077 1515 1352 1616 commodum

280 1633 403 1744 egris
420 1541 663 1743 affiidisque
679 1622 913 1740 refugium,
944 1629 1063 1713 novis
1085 1631 1194 1741 typis
1211 1631 1268 1719 est
1289 1657 1351 1716 re·

280 1743 509 1855 petendus,
547 1763 714 1857 gratum
736 1741 859 1842 milri,
891 1739 1174 1858 omnibusque
1189 1742 1352 1831 lettori·
1416 1789 1418 1796 ·

272 1858 388 1957 bus,
407 1859 482 1969 qui
495 1855 643 1966 procul
659 1881 682 1939 a
699 1853 856 1966 Lipfia,
874 1852 1081 1968 &abipsa
1099 1858 1175 1943 hac
1190 1857 1351 1971 pistura

282 1969 503 2068 absumnr,
533 1962 641 2080 opus
667 1966 849 2069 faceret,
883 1967 1099 2083 qui-hunc
1123 1970 1264 2057 libello
1286 2001 1351 2059 or·

283 2108 428 2170 natum
456 2081 645 2168 adderet:
692 2079 871 2167 effluam
904 2081 956 2166 ad
987 2085 1198 2199 exemplar
1219 2086 1350 2194 illud,

283 2197 491 2309 pilluram
509 2194 680 2298 similem
697 2195 1017 2302 interlinearem.

368 2311 507 2423 Maius
539 2311 675 2406 tamen
704 2313 905 2396 meritum
937 2312 1208 2416 Sinzenichii,
1246 2340 1350 2428 prae·

285 2424 381 2512 clari
397 2426 561 2511 artificis
583 2425 759 2536 palatini,
777 2422 972 2529 dicerem,
993 2427 1204 2513 sinmnem
1219 2427 1368 2542 prun·-

283 2567 371 2626 ram
401 2540 512 2636 illam
546 2536 623 2624 suis
653 2539 866 2625 coloribus
891 2540 1094 2645 vestitam,
1131 2542 1204 2627 suo
1233 2567 1353 2628 more

283 2653 606 2767 representaret3
649 2679 737 2766 quo
762 2657 902 2738 minus
925 2680 1038 2768 aegre
1062 2654 1194 2765 ipfius
1215 2681 1351 2769 proto·

285 2772 376 2883 typi
393 2768 468 2855 usu
482 2764 715 2879 frulluque
732 2791 929 2853 carerem.
1287 2831 1292 2848 ,

369 2879 682 2967 Postmeridiem
701 2879 927 2966 latioribus
949 2883 1107 2980 vacavi,
1138 2883 1190 2970 ab
1208 2888 1350 2971 amicis

284 2999 445 3083 circum
464 3019 542 3106 per
556 2997 943 3104 pomoeriacivitatis
961 2996 1123 3082 dubius.
1155 3000 1283 3086 Nunc
1297 2998 1353 3084 di·

285 3113 392 3196 rutis
413 3111 684 3193 munimentis
699 3131 936 3222 aquantur:
967 3110 1189 3197 arboribus
1208 3137 1351 3199 ornan·

250 3241 253 3246 ’
285 3247 375 3323 tur,
405 3224 467 3322 δι,-
501 3249 587 3335 quo
606 3221 779 3336 quidem
800 3219 1105 3309 obleetamento
1123 3224 1371 3337 Lipfienses‘
1421 3300 1422 3306 a

283 3356 540 3451 magnopere
559 3333 834 3444 delebtantur,
864 3342 906 3421 in
930 3337 1165 3423 ambulacra
1183 3367 1352 3427 conver·

284 3474 458 3552 tuntur,
488 3448 741 3536 industria&
757 3477 856 3536 cura
874 3455 1019 3561 optimi
1038 3453 1351 3572 viriuMulleri,

282 3564 368 3678 jam
388 3561 583 3663 consulis,
600 3563 701 3649 boni
719 3563 897 3674 publici,
926 3565 1174 3674 &parandae
1192 3568 1350 3657 civibus

284 3675 533 3778 salubritati,
564 3671 873 3791 amoenitatique
897 3705 996 3792 agro
1022 3679 1191 3791 lipfienfi
1218 3687 1354 3771 conci·

282 3790 428 3878 liandae
447 3788 727 3877 studiofilstmi.
787 3839 791 3844 -
903 3874 908 3881 ,

346 3921 350 3928 ’
371 3906 506 4004 Doleo
527 3909 667 3990 virum
688 3903 801 3990 hune
823 3928 963 3990 coram
979 3910 1158 3995 revereri
1177 3907 1262 3995 non
1281 3937 1351 4021 pn·
1397 3933 1401 3942 ’

284 4015 418 4134 tuille.
475 4017 797 4133 Lipfiaaberat:
836 4021 880 4109 81
900 4047 999 4133 ege,
1031 4049 1083 4107 ne
1105 4025 1351 4218 redeusnttm

353 4163 356 4167 ⁴
511 4155 514 4162 ’
897 4177 903 4185 ·
959 4179 961 4184 ·
1162 4161 1213 4224 tx
1229 4164 1295 4249 pe·
