3200 4784
510 427 661 534 276'
1020 423 1662 504 Mommmrra
1721 424 2120 506 Vna-nna

518 597 722 674 dosio
759 591 849 666 de
888 590 1034 662 auri
1070 590 1263 663 libris
1296 583 1546 660 dec'ern
1580 589 1657 662 in
1695 589 2152 664 ordinatores
2199 591 2324 666 vel
2363 589 2668 670 ordina?

517 715 670 790 tos,
708 693 827 767 seu
856 695 1069 764 etiam
1106 691 1178 762 in
1218 685 1685 782 poss‘ess‘ores,
1735 692 1860 763 ubi
1888 711 2139 765 eorum
2169 697 2662 790 congregatio

516 791 1117 892 deprehenditur,
1182 791 1634 883 promulgata
1671 787 1814 880 est,
1867 793 1965 862 ita
2005 790 2346 884 deinceps
2385 791 2664 868 confir·

514 899 690 978 mari
731 892 1176 987 praecipiant:
1229 903 1309 958 ut
1348 890 1417 960 in
1459 910 1588 959 eos
1628 891 1909 981 valeat,
1964 904 2222 963 contra
2253 913 2666 986 quosfpro-

515 1013 683 1096 pter
730 1013 983 1066 eorum
1023 987 1296 1062 infidias
1340 985 1700 1060 Catholici
1741 993 2130 1080 provocati
2178 989 2666 1068 contestatio-

512 1118 683 1177 nem
716 1091 1216 1184 deposuerint,
1262 1104 1344 1158 ut
1373 1087 1517 1160 hoc
1546 1085 1786 1162 saltem
1819 1104 2103 1164 terrore
2133 1110 2172 1162 a
2203 1085 2670 1168 schismatica

511 1200 639 1272 vel
686 1197 1019 1268 haeretica
1058 1189 1417 1281 pravitate
1468 1185 1896 1278 desciscant,
1967 1192 2086 1281 qui
2133 1187 2670 1267 confideratio-
2718 1245 2721 1250 -

512 1320 611 1376 ne
664 1294 909 1367 aeterni
964 1286 1279 1382 supplicii
1326 1287 1688 1360 emendari
1741 1290 2148 1384 corrigique
2201 1287 2668 1369 diffimulant'.

515 1387 917 1474 Petendum
961 1389 1214 1468 etiarn,
1264 1402 1345 1458 ut
1380 1390 1536 1467 lex,
1592 1407 1746 1476 quae
1775 1387 2125 1461 haereticis
2158 1392 2281 1462 vel
2307 1411 2404 1462 ex
2433 1391 2670 1466 dona-

508 1498 837 1574 tionibus
874 1491 987 1564 vei
1020 1511 1107 1561 ex
1150 1485 1587 1559 testamentis
1626 1487 1886 1576 aliquid
1922 1487 2244 1580 capiendi
2278 1491 2410 1562 vel
2440 1495 2668 1566 relin-

506 1597 785 1692 'quendi
822 1592 1103 1682 delegat
1135 1587 1593 1676 facultatem,
1647 1589 1734 1658 ab
1766 1607 2020 1660 eorum
2051 1607 2340 1680 quoque
2375 1593 2664 1681 pietate

506 1699 849 1774 hactenus
888 1700 1305 1780 repetatur,
1372 1700 1454 1757 ut
1502 1687 1603 1757 eis
1656 1687 2098 1777 relinquendi
2147 1690 2271 1760 vel
2321 1685 2666 1766 sumendi

502 1800 622 1896 jus
674 1795 977 1882 adimat,
1048 1789 1163 1878 qui
1204 1787 1612 1880 pertinaciae
1649 1784 1902 1860 furore
1936 1788 2180 1861 caecati
2223 1790 2299 1859 in
2331 1786 2660 1864 Donati-

506 1898 769 1973 starum
806 1909 1052 1963 errore
1086 1885 1545 1980 perseverare
1579 1887 1975 1962 voluerint.
2029 1965 2034 1970 ,
2082 1884 2437 1961 Caeterum
2477 1890 2654 1985 illis,

512 2003 631 2090 qui
682 1990 1254 2065 confide-ratione
1304 1985 1597 2057 unitatis
1638 1984 1705 2058 &
1738 1987 1932 2078 pacis
1983 1984 2053 2058 se
2099 1987 2472 2082 corrigere
2517 2011 2655 2064 vo-

506 2097 824 2192 luerint,
872 2091 1137 2179 absque
1171 2083 1550 2158 interdic'to
1587 2086 1795 2176 hujus
1825 2086 2001 2181 legis
2034 2085 2394 2180 capiendae
2425 2088 2655 2163 haere·

510 2199 752 2271 ditatis
816 2191 1045 2262 aditus
1108 2198 1405 2280 pateat,
1486 2186 1533 2259 fi
1580 2185 1812 2258 adbuc
1861 2189 1933 2260 in
1984 2206 2233 2259 errore
2293 2185 2649 2262 haeretico

510 2293 921 2371 constitutis
957 2286 1218 2379 aliquid
1246 2297 1413 2358 ante
1444 2283 1856 2359 donationis
1890 2287 2014 2358 vei
2045 2285 2483 2360 haereditatis
2511 2293 2646 2362 ob·

507 2397 766 2483 venit,
834 2393 940 2464 his
982 2385 1145 2461 sane
1184 2384 1548 2480 exceptis,
1601 2384 1723 2480 qui
1761 2386 1888 2459 lite
1925 2384 2174 2479 pulsati
2214 2389 2644 2482 putaverint

510 2498 600 2571 ad
633 2490 1081 2567 Catholicam
1106 2484 1657 2576 transeundum,
1698 2485 1860 2577 quia
1890 2485 1981 2557 de
2008 2485 2262 2559 talibus
2290 2487 2646 2560 credibile

511 2594 663 2685 est,
731 2612 888 2666 non
922 2603 1121 2664 metu
1164 2582 1460 2688 coeiestis
1490 2584 1738 2680 judicii
1772 2585 2056 2680 potius,
2121 2605 2328 2677 quam
2367 2587 2647 2660 terreni

510 2691 883 2778 commodi
933 2686 1277 2762 aviditate
1311 2686 1662 2760 unitatem
1697 2681 2146 2770 Catholicarn
2189 2681 2639 2778 praeoptass'e„

542 2815 605 2831 ‘¹-
734 2812 786 2835 -'
954 2815 1390 2846 ,*ιι»υι.ι
1462 2811 1779 2843 fta-¹121
1859 2795 2120 2841 *fils-'n‘
2179 2791 2346 2839 ·{„
2411 2812 2461 2839 ..ι’
2544 2812 2547 2814 ·
