3200 4784
529 367 691 452 πὸ,
926 443 931 450 ,
1036 362 1689 442 Mo'uumnnra
1737 368 2146 476 versun
2205 359 2210 376 ²

526 531 769 624 deret,
822 537 968 618 quo
1008 521 1457 620 deceptionis
1496 525 1746 600 anaor
1784 527 2112 602 latuisset.
2213 525 2355 602 Sed
2383 513 2672 620 ‘quibus

485 662 489 666 ·
521 640 885 723 praecepta
906 627 1175 698 Divina
1202 625 1474 717 semper
1500 626 1660 699 sunt
1689 646 1880 699 arma
1915 629 2256 716 viai-icio,
2286 644 2430 701 tam
2455 633 2672 701 blan·

521 729 782 801 dientis
802 727 1241 806 ,intellexunt
1271 727 1581 816 infidias,
1618 747 1826 817 quam
1858 729 2065 801 minis
2100 727 2449 800 saevientis
2477 743 2668 801 tunc

521 829 751 900 territi
796 845 945 898 non
997 824 1178 898 sunt.
1299 825 1401 896 At
1443 828 1566 900 ubi
1606 837 1786 921 ergo·
1822 848 1970 900 non
2019 827 2452 900 blandiendo
2495 849 2666 900 cau-

477 953 480 958 ·
522 939 645 998 tos
684 926 1205 1018 vigilantesque
1238 923 1535 1018 fefellit,
1581 923 1806 997 sciens
1845 928 2129 998 invidus
2168 925 2423 999 artifex
2454 927 2665 1020 illos,

527 1045 711 1117 quos
755 1025 1167 1114 jamdudum
1224 1024 1509 1115 publica
1558 1024 1785 1120 strage
1841 1025 2245 1120 dejecerat,
2315 1027 2403 1097 ad
2456 1048 2661 1120 eum,

520 1145 733 1216 quem
804 1141 1254 1218 negaverunt
1323 1127 1595 1197 reverti
1665 1143 1816 1216 per
1843 1128 2349 1216 poenitentiam
2416 1125 2662 1221 poss'e,

517 1223 886 1315 ipsumque
928 1223 1325 1296 Dominum
1374 1224 1460 1295 ad
1497 1220 2000 1315 suscipiendam
2034 1226 2438 1298 dolentium
2475 1247 2663 1297 exo-

517 1321 937 1436 melogeiim
984 1319 1389 1416 promtum,
1433 1337 1699 1414 utpote
1735 1345 1886 1396 non
1925 1327 2295 1398 volentem
2335 1338 2660 1399 mortem

514 1423 937 1513 morientis,
992 1438 1333 1510 quantum
1364 1439 1446 1493 ut
1478 1438 1886 1494 revertatur
1928 1424 1994 1495 ἀ
2036 1425 2281 1515 vivat,
2333 1439 2656 1515 mentes,

520 1517 694 1612 q'uas
750 1523 820 1591 in
872 1523 1119 1613 praelio
1173 1533 1707 1594 tormentorum
1746 1539 1943 1595 metu
1983 1521 2307 1619 subegit,
2377 1523 2657 1594 blandi-

514 1624 777 1693 mentis
829 1619 1164 1692 adversus
1205 1636 1537 1710 tempora
1582 1625 1776 1711 pacis
1813 1624 2085 1713 erexit,
2141 1626 2372 1695 ablata
2422 1619 2658 1695 hurni-

508 1720 765 1805 1itate‚
843 1740 979 1808 qua
1028 1720 1175 1790 sola
1218 1718 1452 1809 poss'et
1500 1723 1599 1791 ira
1640 1721 1776 1792 Dei
1829 1723 2259 1816 indignantis
2309 1722 2655 1816 mitigari,

512 1819 1003 1908 infinuataque
1031 1819 1350 1910 superbia
1370 1873 1393 1908 ,
1426 1839 1562 1907 qua
1592 1821 1960 1894 certlssime
1992 1820 2199 1892 scivit
2226 1821 2465 1892 Deum
2494 1841 2656 1915 gra·

516 1919 682 1988 vius
730 1917 1048 2009 offendi,
1102 1917 1303 2011 posse
1358 1934 1611 1991 tenere
1658 1919 1887 2012 lapsos
1937 1922 2183 1993 illicite
2209 1918 2458 1991 'rursus
2511 1916 2651 1991 Ec-

515 2014 939 2088 clefiasticos
988 2019 1309 2089 honores
1357 2018 1757 2107 insinuans,
1815 2040 1998 2109 quos
2041 2036 2217 2094 tunc
2258 2034 2664 2092 tenuerant
2729 2107 2733 2112 ,

510 2115 1117 2190 sacramentorum
1177 2116 1559 2190 coelestium
1629 2118 2054 2195 desertores,
2179 2117 2655 2193 Tantundem

513 2216 776 2288 horum
824 2214 987 2287 falsa
1031 2218 1451 2308 proditione
1490 2238 1684 2288 nunc
1721 2221 1963 2307 laetuS,
2031 2239 2235 2308 quam
2275 2220 2651 2290 imbecilli-

502 2330 669 2386 ·tate
718 2313 881 2386 fidei
931 2336 1158 2406 nuper
1205 2314 1506 2410 gavisus,
1625 2317 1784 2390 Imo
1838 2317 2152 2389 securior
2198 2317 2424 2391 modo
2480 2338 2650 2391 cum

513 2413 699 2505 quasi
733 2413 1069 2509 Episcopi
1099 2417 1219 2486 vel
1240 2414 1611 2488 Christiani
1642 2416 2004 2508 dicuntur,
2035 2438 2240 2507 quam
2274 2430 2450 2488 tunc
2478 2437 2646 2490 cum

509 2514 823 2586 nominis
869 2517 1256 2608 negatione
1293 2529 1623 2587 ruerunt:
1680 2530 1952 2589 tantum
1991 2519 2321 2588 inimicos
2366 2499 2649 2589 habens

508 2614 607 2684 ibi
645 2615 940 2686 nomine
975 2615 1368 2705 nuncupari
1405 2614 1609 2706 suos,
1661 2616 2054 2689 dummodo
2086 2617 2204 2687 tali
2242 2616 2491 2687 fraude
2526 2628 2640 2685 tu-

508 2713 696 2800 tiuS,
752 2728 831 2784 ut
855 2714 997 2803 jam
1030 2715 1370 2806 diximus,
1413 2727 1699 2809 teneat,
1747 2736 1930 2806 quos
1959 2715 2122 2787 falsa
2151 2715 2641 2812 appellatione
