<?xml version="1.0" encoding="UTF-8"?>
<!DOCTYPE html PUBLIC "-//W3C//DTD XHTML 1.0 Transitional//EN"
    "http://www.w3.org/TR/xhtml1/DTD/xhtml1-transitional.dtd">
<html xmlns="http://www.w3.org/1999/xhtml" xml:lang="en" lang="en">
 <head>
  <title>
</title>
<meta http-equiv="Content-Type" content="text/html;charset=utf-8" />
  <meta name='ocr-system' content='tesseract 3.04.00' />
  <meta name='ocr-capabilities' content='ocr_page ocr_carea ocr_par ocr_line ocrx_word'/>
</head>
<body>
  <div class='ocr_page' id='page_1' title='image "./operaomniasanct06librgoog_0352.png"; bbox 0 0 3200 4784; ppageno 0'>
   <div class='ocr_carea' id='block_1_1' title="bbox 418 2838 1919 2893">
    <p class='ocr_par' dir='ltr' id='par_1_1' title="bbox 418 2838 1919 2893">
     <span class='ocr_line' id='line_1_1' title="bbox 418 2838 1919 2893; baseline -0.002 0"><span class='ocrx_word' id='word_1_1' title='bbox 418 2838 622 2893; x_wconf 95' lang='lat' dir='ltr'> </span> <span class='ocrx_word' id='word_1_2' title='bbox 1871 2838 1919 2890; x_wconf 95' lang='lat' dir='ltr'> </span> 
     </span>
    </p>
   </div>
   <div class='ocr_carea' id='block_1_2' title="bbox 496 377 2095 514">
    <p class='ocr_par' dir='ltr' id='par_1_2' title="bbox 496 377 2095 514">
     <span class='ocr_line' id='line_1_2' title="bbox 496 377 2095 514; baseline -0.005 -32"><span class='ocrx_word' id='word_1_3' title='bbox 496 413 639 514; x_wconf 25' lang='lat'><strong>308·</strong></span> <span class='ocrx_word' id='word_1_4' title='bbox 950 377 1638 493; x_wconf 63' lang='lat' dir='ltr'>‚Montiunr‘ra</span> <span class='ocrx_word' id='word_1_5' title='bbox 1698 396 2095 476; x_wconf 64' lang='lat' dir='ltr'>Varum</span> 
     </span>
    </p>
   </div>
   <div class='ocr_carea' id='block_1_3' title="bbox 2611 297 2712 2416">
    <p class='ocr_par' dir='ltr' id='par_1_3' title="bbox 2611 297 2712 2416">
     <span class='ocr_line' id='line_1_3' title="bbox 2611 297 2698 804; baseline 0 -2"><span class='ocrx_word' id='word_1_6' title='bbox 2611 297 2698 804; x_wconf 95' lang='lat' dir='ltr'>   </span> 
     </span>
     <span class='ocr_line' id='line_1_4' title="bbox 2627 804 2712 2416; baseline 0 -1399"><span class='ocrx_word' id='word_1_7' title='bbox 2627 804 2712 2416; x_wconf 95' lang='lat' dir='ltr'>     </span> 
     </span>
    </p>
   </div>
   <div class='ocr_carea' id='block_1_4' title="bbox 402 541 2684 2844">
    <p class='ocr_par' dir='ltr' id='par_1_4' title="bbox 402 541 2684 2844">
     <span class='ocr_line' id='line_1_5' title="bbox 406 541 2126 661; baseline -0.005 -20"><span class='ocrx_word' id='word_1_8' title='bbox 406 541 427 564; x_wconf 52' lang='lat'>⁸</span> <span class='ocrx_word' id='word_1_9' title='bbox 500 579 589 661; x_wconf 81' lang='lat'>87</span> <span class='ocrx_word' id='word_1_10' title='bbox 642 565 910 640; x_wconf 88' lang='lat' dir='ltr'>Iterum</span> <span class='ocrx_word' id='word_1_11' title='bbox 946 559 1479 636; x_wconf 79' lang='lat' dir='ltr'>Donatistarum</span> <span class='ocrx_word' id='word_1_12' title='bbox 1512 559 1681 634; x_wconf 86' lang='lat' dir='ltr'><strong>inde</strong></span> <span class='ocrx_word' id='word_1_13' title='bbox 1719 561 2126 635; x_wconf 75' lang='lat' dir='ltr'>contentio,</span> 
     </span>
     <span class='ocr_line' id='line_1_6' title="bbox 402 659 2620 766; baseline -0.002 -26"><span class='ocrx_word' id='word_1_14' title='bbox 402 760 407 766; x_wconf 14' lang='grc' dir='ltr'><strong><em>ἡ</em></strong></span> <span class='ocrx_word' id='word_1_15' title='bbox 500 679 593 752; x_wconf 82' lang='lat'>88</span> <span class='ocrx_word' id='word_1_16' title='bbox 648 664 1195 740; x_wconf 79' lang='lat' dir='ltr'>catholicorum</span> <span class='ocrx_word' id='word_1_17' title='bbox 1247 661 1332 733; x_wconf 89' lang='lat' dir='ltr'>ad</span> <span class='ocrx_word' id='word_1_18' title='bbox 1386 659 1511 734; x_wconf 87' lang='lat' dir='ltr'>ista</span> <span class='ocrx_word' id='word_1_19' title='bbox 1557 660 1963 753; x_wconf 82' lang='lat' dir='ltr'>responfio,</span> <span class='ocrx_word' id='word_1_20' title='bbox 2019 681 2152 753; x_wconf 88' lang='lat' dir='ltr'>qua</span> <span class='ocrx_word' id='word_1_21' title='bbox 2197 659 2426 734; x_wconf 83' lang='lat' dir='ltr'>etiam</span> <span class='ocrx_word' id='word_1_22' title='bbox 2475 681 2620 736; x_wconf 86' lang='lat' dir='ltr'>con·</span> 
     </span>
     <span class='ocr_line' id='line_1_7' title="bbox 702 757 2684 856; baseline -0.003 -18"><span class='ocrx_word' id='word_1_23' title='bbox 702 762 1079 852; x_wconf 83' lang='lat' dir='ltr'>testantur,</span> <span class='ocrx_word' id='word_1_24' title='bbox 1118 761 1399 852; x_wconf 83' lang='lat' dir='ltr'>prolixa</span> <span class='ocrx_word' id='word_1_25' title='bbox 1435 761 1630 832; x_wconf 86' lang='lat' dir='ltr'>velle</span> <span class='ocrx_word' id='word_1_26' title='bbox 1656 761 1844 856; x_wconf 85' lang='lat' dir='ltr'>gesta</span> <span class='ocrx_word' id='word_1_27' title='bbox 1878 757 2116 833; x_wconf 88' lang='lat' dir='ltr'>facere</span> <span class='ocrx_word' id='word_1_28' title='bbox 2137 759 2586 833; x_wconf 86' lang='lat' dir='ltr'>Donatistas.</span> <span class='ocrx_word' id='word_1_29' title='bbox 2669 787 2684 800; x_wconf 95' lang='lat'><strong>·</strong></span> 
     </span>
     <span class='ocr_line' id='line_1_8' title="bbox 504 857 2621 964; baseline -0.003 -26"><span class='ocrx_word' id='word_1_30' title='bbox 504 873 595 964; x_wconf 80' lang='lat'>89</span> <span class='ocrx_word' id='word_1_31' title='bbox 647 862 1068 939; x_wconf 85' lang='lat' dir='ltr'>Prosecutio</span> <span class='ocrx_word' id='word_1_32' title='bbox 1114 857 1698 942; x_wconf 83' lang='lat' dir='ltr'>Donatistarum,</span> <span class='ocrx_word' id='word_1_33' title='bbox 1760 862 1882 932; x_wconf 86' lang='lat' dir='ltr'>ubi</span> <span class='ocrx_word' id='word_1_34' title='bbox 1927 880 2164 934; x_wconf 85' lang='lat' dir='ltr'>moras</span> <span class='ocrx_word' id='word_1_35' title='bbox 2207 859 2478 932; x_wconf 85' lang='lat' dir='ltr'>dicunt</span> <span class='ocrx_word' id='word_1_36' title='bbox 2521 881 2621 954; x_wconf 83' lang='lat' dir='ltr'>pet</span> 
     </span>
     <span class='ocr_line' id='line_1_9' title="bbox 702 957 2623 1054; baseline -0.003 -16"><span class='ocrx_word' id='word_1_37' title='bbox 702 962 1126 1038; x_wconf 84' lang='lat' dir='ltr'>Catholicos</span> <span class='ocrx_word' id='word_1_38' title='bbox 1166 957 1365 1051; x_wconf 83' lang='lat' dir='ltr'>fieri,</span> <span class='ocrx_word' id='word_1_39' title='bbox 1429 959 1496 1030; x_wconf 88' lang='lat'>&amp;</span> <span class='ocrx_word' id='word_1_40' title='bbox 1534 959 1657 1030; x_wconf 88' lang='lat' dir='ltr'>ubi</span> <span class='ocrx_word' id='word_1_41' title='bbox 1692 959 1805 1032; x_wconf 87' lang='lat' dir='ltr'>edi</span> <span class='ocrx_word' id='word_1_42' title='bbox 1838 959 1958 1032; x_wconf 82' lang='lat' dir='ltr'>fibi</span> <span class='ocrx_word' id='word_1_43' title='bbox 1993 960 2414 1054; x_wconf 85' lang='lat' dir='ltr'>postulant,</span> <span class='ocrx_word' id='word_1_44' title='bbox 2473 961 2623 1053; x_wconf 84' lang='lat' dir='ltr'>quid</span> 
     </span>
     <span class='ocr_line' id='line_1_10' title="bbox 594 1058 2624 1153; baseline -0.002 -15"><span class='ocrx_word' id='word_1_45' title='bbox 594 1135 598 1142; x_wconf 90' lang='grc'><strong>,</strong></span> <span class='ocrx_word' id='word_1_46' title='bbox 705 1069 792 1138; x_wconf 88' lang='lat' dir='ltr'>ab</span> <span class='ocrx_word' id='word_1_47' title='bbox 824 1061 1265 1153; x_wconf 82' lang='lat' dir='ltr'>Imperatore</span> <span class='ocrx_word' id='word_1_48' title='bbox 1292 1058 1670 1151; x_wconf 82' lang='lat' dir='ltr'>petierint:</span> <span class='ocrx_word' id='word_1_49' title='bbox 1723 1059 1788 1132; x_wconf 87' lang='lat'>&amp;</span> <span class='ocrx_word' id='word_1_50' title='bbox 1822 1061 1944 1130; x_wconf 88' lang='lat' dir='ltr'>ubi</span> <span class='ocrx_word' id='word_1_51' title='bbox 1981 1073 2356 1151; x_wconf 84' lang='lat' dir='ltr'>quaerunt,</span> <span class='ocrx_word' id='word_1_52' title='bbox 2403 1074 2624 1134; x_wconf 87' lang='lat' dir='ltr'>utrum</span> 
     </span>
     <span class='ocr_line' id='line_1_11' title="bbox 691 1155 2626 1335; baseline -0.001 -102"><span class='ocrx_word' id='word_1_53' title='bbox 691 1155 1202 1335; x_wconf 28' lang='lat' dir='ltr'>jgreh‘plqbolico</span> <span class='ocrx_word' id='word_1_54' title='bbox 1258 1179 1347 1232; x_wconf 83' lang='lat' dir='ltr'>an</span> <span class='ocrx_word' id='word_1_55' title='bbox 1402 1157 1665 1278; x_wconf 64' lang='lat' dir='ltr'>divipis</span> <span class='ocrx_word' id='word_1_56' title='bbox 1717 1159 1989 1255; x_wconf 85' lang='lat' dir='ltr'><strong>legibus</strong></span> <span class='ocrx_word' id='word_1_57' title='bbox 2044 1159 2282 1232; x_wconf 89' lang='lat' dir='ltr'>velint</span> <span class='ocrx_word' id='word_1_58' title='bbox 2347 1156 2626 1232; x_wconf 72' lang='lat' dir='ltr'>affitare</span> 
     </span>
     <span class='ocr_line' id='line_1_12' title="bbox 770 1274 1087 1333; baseline 0 0"><span class='ocrx_word' id='word_1_59' title='bbox 770 1274 841 1333; x_wconf 91' lang='lat' dir='ltr'>at</span> <span class='ocrx_word' id='word_1_60' title='bbox 894 1277 1087 1333; x_wconf 84' lang='lat' dir='ltr'>01c1.</span> 
     </span>
     <span class='ocr_line' id='line_1_13' title="bbox 501 1355 2631 1465; baseline -0.003 -27"><span class='ocrx_word' id='word_1_61' title='bbox 501 1389 598 1465; x_wconf 84' lang='lat'>90</span> <span class='ocrx_word' id='word_1_62' title='bbox 638 1359 1122 1440; x_wconf 87' lang='lat' dir='ltr'>Interlocutio</span> <span class='ocrx_word' id='word_1_63' title='bbox 1156 1355 1625 1431; x_wconf 87' lang='lat' dir='ltr'>collationem</span> <span class='ocrx_word' id='word_1_64' title='bbox 1657 1357 2160 1432; x_wconf 82' lang='lat' dir='ltr'>tantummodo</span> <span class='ocrx_word' id='word_1_65' title='bbox 2197 1358 2284 1431; x_wconf 86' lang='lat' dir='ltr'>ab</span> <span class='ocrx_word' id='word_1_66' title='bbox 2331 1355 2631 1455; x_wconf 83' lang='lat' dir='ltr'>Impera·</span> 
     </span>
     <span class='ocr_line' id='line_1_14' title="bbox 701 1453 2396 1553; baseline -0.009 -17"><span class='ocrx_word' id='word_1_67' title='bbox 701 1478 869 1536; x_wconf 86' lang='lat' dir='ltr'>tore</span> <span class='ocrx_word' id='word_1_68' title='bbox 906 1456 1176 1553; x_wconf 78' lang='lat' dir='ltr'>petiiss&#39;e</span> <span class='ocrx_word' id='word_1_69' title='bbox 1218 1453 1668 1532; x_wconf 83' lang='lat' dir='ltr'>catholicos.</span> <span class='ocrx_word' id='word_1_70' title='bbox 1903 1497 1936 1514; x_wconf 91' lang='lat'>-</span> <span class='ocrx_word' id='word_1_71' title='bbox 2169 1515 2176 1528; x_wconf 89' lang='lat'>.</span> <span class='ocrx_word' id='word_1_72' title='bbox 2385 1511 2396 1520; x_wconf 95' lang='lat'>.</span> 
     </span>
     <span class='ocr_line' id='line_1_15' title="bbox 502 1554 2631 1665; baseline -0.005 -25"><span class='ocrx_word' id='word_1_73' title='bbox 502 1588 592 1665; x_wconf 91' lang='lat'>91</span> <span class='ocrx_word' id='word_1_74' title='bbox 651 1559 1148 1654; x_wconf 82' lang='lat' dir='ltr'>Interpellatio</span> <span class='ocrx_word' id='word_1_75' title='bbox 1177 1554 1752 1649; x_wconf 85' lang='lat' dir='ltr'>Donatistarum,</span> <span class='ocrx_word' id='word_1_76' title='bbox 1809 1575 1945 1648; x_wconf 87' lang='lat' dir='ltr'>qua</span> <span class='ocrx_word' id='word_1_77' title='bbox 1979 1556 2050 1631; x_wconf 86' lang='lat' dir='ltr'>se</span> <span class='ocrx_word' id='word_1_78' title='bbox 2093 1557 2344 1651; x_wconf 72' lang='lat' dir='ltr'>potius</span> <span class='ocrx_word' id='word_1_79' title='bbox 2377 1557 2631 1632; x_wconf 90' lang='lat' dir='ltr'>Catho-</span> 
     </span>
     <span class='ocr_line' id='line_1_16' title="bbox 701 1654 1846 1748; baseline -0.003 -13"><span class='ocrx_word' id='word_1_80' title='bbox 701 1663 888 1735; x_wconf 75' lang='lat' dir='ltr'>licos</span> <span class='ocrx_word' id='word_1_81' title='bbox 930 1658 1071 1730; x_wconf 84' lang='lat' dir='ltr'>dici</span> <span class='ocrx_word' id='word_1_82' title='bbox 1102 1669 1445 1748; x_wconf 87' lang='lat' dir='ltr'>oportere</span> <span class='ocrx_word' id='word_1_83' title='bbox 1474 1654 1846 1731; x_wconf 87' lang='lat' dir='ltr'>testantur.</span> 
     </span>
     <span class='ocr_line' id='line_1_17' title="bbox 502 1753 2630 1862; baseline -0.003 -25"><span class='ocrx_word' id='word_1_84' title='bbox 502 1788 596 1862; x_wconf 84' lang='lat'>92</span> <span class='ocrx_word' id='word_1_85' title='bbox 648 1757 1131 1836; x_wconf 87' lang='lat' dir='ltr'>Interlocutio</span> <span class='ocrx_word' id='word_1_86' title='bbox 1168 1775 1296 1827; x_wconf 88' lang='lat' dir='ltr'>eos</span> <span class='ocrx_word' id='word_1_87' title='bbox 1330 1753 1754 1827; x_wconf 84' lang='lat' dir='ltr'>Catholicos</span> <span class='ocrx_word' id='word_1_88' title='bbox 1789 1754 1925 1829; x_wconf 81' lang='lat' dir='ltr'>ess&#39;e</span> <span class='ocrx_word' id='word_1_89' title='bbox 1953 1755 2442 1851; x_wconf 82' lang='lat' dir='ltr'>vocitandos,</span> <span class='ocrx_word' id='word_1_90' title='bbox 2463 1776 2630 1852; x_wconf 78' lang='lat' dir='ltr'>quos</span> 
     </span>
     <span class='ocr_line' id='line_1_18' title="bbox 698 1854 1816 1948; baseline -0.005 -14"><span class='ocrx_word' id='word_1_91' title='bbox 698 1863 793 1935; x_wconf 85' lang='lat' dir='ltr'>sse</span> <span class='ocrx_word' id='word_1_92' title='bbox 830 1858 1086 1932; x_wconf 86' lang='lat' dir='ltr'>vocari</span> <span class='ocrx_word' id='word_1_93' title='bbox 1118 1854 1357 1927; x_wconf 87' lang='lat' dir='ltr'>voluit</span> <span class='ocrx_word' id='word_1_94' title='bbox 1393 1854 1816 1948; x_wconf 86' lang='lat' dir='ltr'><strong>Imperator.</strong></span> 
     </span>
     <span class='ocr_line' id='line_1_19' title="bbox 503 1953 2632 2063; baseline -0.004 -29"><span class='ocrx_word' id='word_1_95' title='bbox 503 1986 595 2063; x_wconf 84' lang='lat'>93</span> <span class='ocrx_word' id='word_1_96' title='bbox 649 1957 1072 2034; x_wconf 87' lang='lat' dir='ltr'>Prosecutio</span> <span class='ocrx_word' id='word_1_97' title='bbox 1108 1953 1682 2037; x_wconf 83' lang='lat' dir='ltr'>Donatistarum,</span> <span class='ocrx_word' id='word_1_98' title='bbox 1736 1954 2192 2027; x_wconf 87' lang='lat' dir='ltr'>Catholicum</span> <span class='ocrx_word' id='word_1_99' title='bbox 2239 1974 2532 2030; x_wconf 88' lang='lat' dir='ltr'>nomen</span> <span class='ocrx_word' id='word_1_100' title='bbox 2580 1954 2632 2027; x_wconf 87' lang='lat' dir='ltr'>ei</span> 
     </span>
     <span class='ocr_line' id='line_1_20' title="bbox 598 2053 2636 2233; baseline -0.004 -100"><span class='ocrx_word' id='word_1_101' title='bbox 598 2087 603 2093; x_wconf 93' lang='lat'>·</span> <span class='ocrx_word' id='word_1_102' title='bbox 702 2057 845 2233; x_wconf 52' lang='lat' dir='ltr'>{sse</span> <span class='ocrx_word' id='word_1_103' title='bbox 878 2055 1326 2147; x_wconf 87' lang='lat' dir='ltr'>servandum,</span> <span class='ocrx_word' id='word_1_104' title='bbox 1363 2074 1575 2146; x_wconf 89' lang='lat' dir='ltr'>quem</span> <span class='ocrx_word' id='word_1_105' title='bbox 1611 2053 1915 2127; x_wconf 75' lang='lat' dir='ltr'>viEtoria</span> <span class='ocrx_word' id='word_1_106' title='bbox 1936 2054 2424 2127; x_wconf 81' lang='lat' dir='ltr'>declaraverit</span> <span class='ocrx_word' id='word_1_107' title='bbox 2449 2055 2636 2129; x_wconf 89' lang='lat' dir='ltr'>Chri-</span> 
     </span>
     <span class='ocr_line' id='line_1_21' title="bbox 764 2177 1023 2231; baseline -0.004 0"><span class='ocrx_word' id='word_1_108' title='bbox 764 2177 1023 2231; x_wconf 68' lang='lat' dir='ltr'>nanum.</span> 
     </span>
     <span class='ocr_line' id='line_1_22' title="bbox 506 2249 2636 2360; baseline -0.004 -24"><span class='ocrx_word' id='word_1_109' title='bbox 506 2284 604 2360; x_wconf 87' lang='lat'>94</span> <span class='ocrx_word' id='word_1_110' title='bbox 653 2255 1141 2335; x_wconf 88' lang='lat' dir='ltr'>Interlocutio</span> <span class='ocrx_word' id='word_1_111' title='bbox 1181 2252 1267 2325; x_wconf 88' lang='lat' dir='ltr'>&#39;ad</span> <span class='ocrx_word' id='word_1_112' title='bbox 1310 2250 1431 2324; x_wconf 86' lang='lat' dir='ltr'>ista</span> <span class='ocrx_word' id='word_1_113' title='bbox 1464 2249 1965 2345; x_wconf 66' lang='lat' dir='ltr'>consentiens»,</span> <span class='ocrx_word' id='word_1_114' title='bbox 2019 2251 2086 2323; x_wconf 78' lang='grc' dir='ltr'>δι</span> <span class='ocrx_word' id='word_1_115' title='bbox 2115 2250 2435 2328; x_wconf 85' lang='lat' dir='ltr'>formam</span> <span class='ocrx_word' id='word_1_116' title='bbox 2480 2275 2636 2349; x_wconf 84' lang='lat' dir='ltr'>prae-</span> 
     </span>
     <span class='ocr_line' id='line_1_23' title="bbox 520 2347 2348 2446; baseline -0.008 -12"><span class='ocrx_word' id='word_1_117' title='bbox 520 2368 525 2372; x_wconf 82' lang='lat'>&#39;</span> <span class='ocrx_word' id='word_1_118' title='bbox 710 2356 1031 2432; x_wconf 86' lang='lat' dir='ltr'>cedentis</span> <span class='ocrx_word' id='word_1_119' title='bbox 1107 2354 1445 2446; x_wconf 88' lang='lat' dir='ltr'>praecepti</span> <span class='ocrx_word' id='word_1_120' title='bbox 1475 2347 1888 2424; x_wconf 86' lang='lat' dir='ltr'>observans.</span> <span class='ocrx_word' id='word_1_121' title='bbox 2335 2373 2348 2380; x_wconf 93' lang='lat'><em>·</em></span> 
     </span>
     <span class='ocr_line' id='line_1_24' title="bbox 507 2446 2636 2556; baseline -0.002 -23"><span class='ocrx_word' id='word_1_122' title='bbox 507 2477 601 2556; x_wconf 79' lang='lat'>95</span> <span class='ocrx_word' id='word_1_123' title='bbox 652 2458 799 2532; x_wconf 90' lang='lat' dir='ltr'>Ubi</span> <span class='ocrx_word' id='word_1_124' title='bbox 835 2451 1231 2530; x_wconf 86' lang='lat' dir='ltr'>Donatistae</span> <span class='ocrx_word' id='word_1_125' title='bbox 1259 2451 1403 2525; x_wconf 85' lang='lat' dir='ltr'>fine</span> <span class='ocrx_word' id='word_1_126' title='bbox 1436 2451 1850 2543; x_wconf 88' lang='lat' dir='ltr'>praejudicio</span> <span class='ocrx_word' id='word_1_127' title='bbox 1888 2446 2016 2523; x_wconf 88' lang='lat' dir='ltr'>suo</span> <span class='ocrx_word' id='word_1_128' title='bbox 2060 2449 2494 2545; x_wconf 74' lang='lat' dir='ltr'>hocsipsum</span> <span class='ocrx_word' id='word_1_129' title='bbox 2543 2455 2636 2528; x_wconf 87' lang='lat' dir='ltr'>in·</span> 
     </span>
     <span class='ocr_line' id='line_1_25' title="bbox 696 2550 1883 2643; baseline -0.005 -13"><span class='ocrx_word' id='word_1_130' title='bbox 696 2558 1037 2630; x_wconf 84' lang='lat' dir='ltr'>terfatum</span> <span class='ocrx_word' id='word_1_131' title='bbox 1076 2550 1214 2625; x_wconf 86' lang='lat' dir='ltr'>esse</span> <span class='ocrx_word' id='word_1_132' title='bbox 1240 2551 1554 2643; x_wconf 87' lang='lat' dir='ltr'>judicem</span> <span class='ocrx_word' id='word_1_133' title='bbox 1594 2552 1883 2624; x_wconf 87' lang='lat' dir='ltr'>volunt.</span> 
     </span>
     <span class='ocr_line' id='line_1_26' title="bbox 508 2648 2636 2755; baseline -0.004 -23"><span class='ocrx_word' id='word_1_134' title='bbox 508 2661 606 2755; x_wconf 89' lang='lat'>96</span> <span class='ocrx_word' id='word_1_135' title='bbox 655 2652 1137 2731; x_wconf 83' lang='lat' dir='ltr'>Interlocutio</span> <span class='ocrx_word' id='word_1_136' title='bbox 1169 2704 1195 2743; x_wconf 92' lang='lat'>.‚</span> <span class='ocrx_word' id='word_1_137' title='bbox 1262 2666 1344 2722; x_wconf 88' lang='lat' dir='ltr'>ut</span> <span class='ocrx_word' id='word_1_138' title='bbox 1374 2651 1515 2743; x_wconf 87' lang='lat' dir='ltr'>jam</span> <span class='ocrx_word' id='word_1_139' title='bbox 1556 2648 1779 2724; x_wconf 85' lang='lat' dir='ltr'>causae</span> <span class='ocrx_word' id='word_1_140' title='bbox 1826 2659 2278 2742; x_wconf 87' lang='lat' dir='ltr'>proponatur</span> <span class='ocrx_word' id='word_1_141' title='bbox 2324 2650 2636 2730; x_wconf 85' lang='lat' dir='ltr'>initium,</span> 
     </span>
     <span class='ocr_line' id='line_1_27' title="bbox 622 2746 2631 2844; baseline -0.001 -18"><span class='ocrx_word' id='word_1_142' title='bbox 622 2807 638 2839; x_wconf 85' lang='grc'>,</span> <span class='ocrx_word' id='word_1_143' title='bbox 710 2759 754 2831; x_wconf 81' lang='lat' dir='ltr'>fi</span> <span class='ocrx_word' id='word_1_144' title='bbox 790 2751 1458 2844; x_wconf 13' lang='lat' dir='ltr'>voluptfnstendere</span> <span class='ocrx_word' id='word_1_145' title='bbox 1482 2746 1871 2823; x_wconf 65' lang='lat' dir='ltr'>Donatistae</span> <span class='ocrx_word' id='word_1_146' title='bbox 1919 2746 2335 2823; x_wconf 72' lang='lat' dir='ltr'>adversariis</span> <span class='ocrx_word' id='word_1_147' title='bbox 2359 2771 2631 2827; x_wconf 70' lang='lat' dir='ltr'>nomen</span> 
     </span>
    </p>
   </div>
  </div>
 </body>
</html>
