3200 4784
396 423 458 481 be
482 382 1176 515 lio.uar1rranuu'H·rsroaiA.
1244 414 1321 523 525

275 556 301 582 '¹
332 586 415 658 151.
446 567 626 638 lusitanus
643 564 812 662 Episcopus
832 568 935 639 didit:
971 532 1103 643 Sensim
1123 571 1162 644 in
1182 572 1319 650 causam

247 667 466 744 inducimur.
513 668 560 736 Er
577 666 643 736 alia
661 690 770 737 manu.
809 664 1000 738 Petilianus
1020 666 1217 764 Episcopus
1235 687 1321 764 pro·

248 771 476 845 secutionem
492 787 606 838 meam
624 766 873 856 appellatione
882 765 1055 839 incolumi
1071 776 1286 866 recognovi.

240 920 242 926 -
332 887 411 954 152.
432 863 580 954 Ptffidius
592 864 758 959 Episcopus
768 867 901 961 Eccsefia
912 867 1188 942 Catholicaedr'xir:
1205 870 1319 970 Quod

238 966 421 1065 petiistis,
447 963 653 1050 offerimus;
680 984 756 1035 non
773 984 844 1036 vos
859 965 1031 1056 poeniteat
1049 968 1186 1059 petisse.
1205 1022 1214 1039 .
1240 969 1318 1044 Au-

247 1072 351 1159 tiqua
378 1063 474 1159 gesta
499 1061 660 1134 voluistis
682 1064 844 1153 recitari,
870 1066 946 1138 haec
968 1062 1006 1137 in
1028 1068 1190 1141 manibus
1211 1069 1318 1142 habe·

246 1188 352 1257 mus,
374 1164 501 1260 jubeat
516 1165 687 1234 nobilitas
705 1177 788 1255 tua,
814 1161 1134 1260 quodofferimur,
1159 1169 1317 1246 recitari.

249 1267 512 1342 Elusiamonu.
542 1261 776 1355 Recognovi.
1022 1288 1026 1299 ¹
1081 1278 1084 1289 ’

329 1385 407 1454 153.
431 1363 608 1435 l’erlllauus
623 1363 787 1456 Episcopus
797 1362 899 1431 dixit.-
917 1360 991 1451 ¹Me
1003 1365 1039 1438 id
1059 1362 1185 1458 petisse
1199 1366 1316 1440 adhuc

247 1467 413 1536 recalent
423 1460 531 1558 gesta,
547 1478 587 1530 ut
599 1482 654 1551 ea,
668 1460 965 1552 quaelmperatori
977 1466 1118 1537 mentiti
1128 1464 1221 1557 sunt,
1232 1487 1316 1558 pro·

246 1563 381 1655 ferant,
399 1565 535 1657 legant,
552 1581 628 1649 qttae
640 1561 871 1652 objecerunt,
884 1576 1013 1635 contra
1024 1564 1315 1656 haechujusmodi

247 1664 423 1752 nebulas,
450 1678 491 1733 ut
506 1662 645 1733 vellent
659 1661 732 1732 adia
747 1663 930 1757 relegere,
952 1682 1031 1753 quae
1046 1663 1126 1735 sunt
1139 1664 1258 1745 habita
1275 1667 1314 1739 in

201 1800 209 1842 .-
243 1763 385 1856 judicio
398 1758 705 1856 praefeiluraeltis,
733 1781 810 1849 qus
828 1780 897 1857 ego
912 1764 1022 1856 longe
1038 1763 1196 1856 praetuli,
1223 1767 1314 1835 anti·

247 1862 387 1953 quiora.
445 1861 582 1954 Igitur,
617 1861 675 1929 vir
697 1861 857 1949 nobilis,
890 1858 914 1930 st
938 1875 1046 1934 tenor
1070 1859 1178 1934 seito
1203 1861 1315 1938 habet

247 1962 379 2052 causae,
405 1958 495 2033 sicut
518 1959 622 2030 initio
644 1959 788 2030 videtur
812 1956 881 2030 else
903 1956 1100 2051 formatus,
1127 1977 1189 2034 aut
1203 1959 1314 2052 judiu-

244 2081 324 2133 ram
346 2060 584 2133 chartularum
606 2056 747 2130 istarum
770 2059 993 2150 publicarum
1017 2059 1174 2161 saciant,
1211 2062 1314 2135 &ad

244 2162 396 2253 legalem
420 2157 715 2250 disceptationem
734 2160 906 2249 veniant,
933 2171 994 2230 aut
1011 2159 1037 2232 fi
1055 2159 1111 2233 his
1130 2163 1236 2234 rebus
1258 2163 1314 2235 uti

245 2257 460 2349 desiderant,
476 2257 609 2329 saciant
622 2258 708 2352 legis
721 2257 851 2330 divine
860 2254 1042 2350 jadluram.
1071 2258 1318 2333 Erinomam.-

246 2356 445 2430 Petilianus·
469 2355 667 2452 Episcopus
694 2357 985 2449 prosecutionem
1014 2379 1130 2432 meam
1159 2359 1313 2450 appella-

243 2458 351 2530 tione
367 2458 540 2531 incolumi
557 2459 772 2551 recognovi.

326 2578 407 2647 154.
436 2550 917 2642 Morcesinus‘uirclorifflmus
931 2547 1313 2630 ‘i'ribunussslllotarirrr

223 2657 332 2728 dixit
347 2681 370 2745 zx
396 2651 666 2725 Proconsularis
687 2649 782 2745 gesta
808 2653 840 2722 dt
864 2652 984 2724 habita
1006 2653 1044 2724 in
1063 2655 1203 2745 judicio
1226 2656 1314 2729 lllu·

242 2753 365 2827 strium
383 2751 603 2824 Potestatum
621 2747 776 2822 officium
791 2748 978 2844 diligenter
990 2750 1172 2848 inspiciat,
1199 2769 1240 2828 ut
1254 2777 1311 2851 ea,

245 2871 325 2945 quae
344 2853 464 2945 priora
478 2849 579 2930 sunt,
606 2851 769 2943 primitus
785 2851 996 2928 recitentur.

324 2971 404 3040 155.
431 2950 620 3047 Augustinus
648 2950 813 3046 Episcopus
840 2947 976 3042 Eccscfiae
1003 2951 1170 3025 Catholicae
1193 2955 1310 3026 dixis:

244 3049 307 3124 Ad
333 3072 396 3143 ea,
422 3071 499 3141 quae
523 3045 714 3142 prosecuta
737 3047 788 3120 est
810 3049 922 3122 modo
940 3069 1020 3141 pars
1038 3050 1198 3142 diversa,
1225 3074 1310 3146 pau·

245 3154 297 3222 eis
321 3150 488 3222 advertat
515 3149 715 3222 sublimitas¹
732 3161 805 3220 tua.
855 3147 939 3229 Nos
959 3147 1152 3228 Ecclesiam
1172 3150 1309 3235 Catho-

242 3251 347 3323 licam
377 3251 562 3341 retinere,
601 3251 673 3344 ipsa
698 3247 828 3320 nostrae
853 3250 1117 3347 communionis
1143 3249 1318 3325 testifica·-

242 3351 348 3421 tione
365 3350 621 3436 monstramus,
655 3367 757 3438 quam
777 3344 966 3421 Ecclesiam
988 3353 1144 3440 probare
1164 3349 1310 3426 descen·

241 3447 379 3538 dimus,
403 3448 428 3521 fi
449 3452 680 3542 permittant,
708 3465 785 3518 non
808 3449 1010 3520 rumoribus
1037 3451 1220 3540 humanis,
1247 3472 1309 3524 ne·

241 3568 313 3640 que
329 3550 529 3620 errantibus
551 3549 809 3640 opinionibus,
836 3543 894 3618 sed
917 3548 1047 3619 divinis
1073 3550 1226 3639 eloquiis
1247 3553 1309 3623 de·

240 3650 420 3720 claratam.
479 3647 669 3718 Utautem
689 3648 786 3740 leges
814 3646 874 3716 vel
901 3643 1019 3740 gesta,
1055 3649 1116 3719 vel
1141 3668 1308 3736 quaecun-

241 3765 312 3836 que
335 3747 381 3819 de
401 3746 556 3819 archivis
575 3748 716 3838 prolata
739 3741 932 3817 offeramus
954 3748 991 3816 in
1015 3746 1082 3817 hac
1106 3748 1307 3823 collatione

239 3844 446 3937 recitanda,
479 3845 542 3938 ipsi
565 3858 726 3940 cogunt,
760 3847 820 3934 qui
837 3846 965 3914 talibus
989 3858 1107 3939 agunt.
1163 3843 1257 3919 Nam
1280 3845 1306 3922 ll

238 3945 390 4014 remotis
404 3945 660 4038 hujuscemodi
681 3946 849 4015 omnibus
868 3943 1000 4015 chartis
1021 3942 1165 4017 nollent
1180 3943 1307 4019 Eccle-

238 4040 324 4125 siam
346 4040 463 4141 nilltp
482 4046 663 4141 scripturis
681 4043 848 4137 adverti,
882 4042 972 4116 nibil
993 4047 1203 4210 vellemus}
1214 4043 1305 4212 nigris

1013 4162 1018 4175 ¹
1161 4163 1243 4210 mxx
1341 4181 1352 4193 ··
