3200 4784
311 395 328 419 ‘
390 360 1211 463 otD.oa'rarrsraaomiirrron1au.
1266 409 1334 492 143

261 546 372 628 strui
406 549 493 656 Qui
500 503 679 621 crudelius
701 537 860 616 saevienti
880 537 1039 614 carnifici
1055 545 1150 620 clara
1165 517 1263 622 voce
1280 571 1336 625 re·

263 647 438 744 spondit:
471 645 681 728 saturninus
702 640 982 754 martyrem&
1002 659 1142 720 omnes.
1194 647 1337 723 Omar·

262 745 386 842 ¹tyram
410 748 599 844 primatum
621 743 789 838 omnibus
813 734 967 815 dantem.
1017 739 1108 816 Non
1126 745 1220 822 enim
1236 746 1337 824 Pres-

262 851 438 942 byterum
465 845 634 920 fratribus
659 842 841 935 praetulit,
873 838 933 913 sed
958 837 1179 932 Presbytero
1203 845 1336 940 fratrer

264 945 500 1022 consessionis
527 943 716 1018 consortio
743 940 945 1034 copulavit.
1008 940 1202 1041 Quarente
1226 949 1335 1044 igitur

262 1042 491 1121 Proconsule
514 1044 767 1133 Saturninum,
802 1038 981 1131 ostendit,
1016 1061 1092 1115 non
1116 1045 1216 1134 quod
1234 1049 1335 1134 illum

264 1141 490 1243 prodiderit,
524 1163 629 1235 quem
648 1140 765 1214 secum
789 1136 974 1212 adversum
997 1138 1180 1218 diabolum
1200 1148 1335 1237 pariter

264 1245 438 1320 dimicare
457 1245 646 1317 cernebat:
671 1238 730 1312 sed
744 1249 785 1309 ut
802 1238 854 1312 illi
877 1238 1053 1331 panderet
1067 1243 1210 1336 integre
1224 1242 1260 1318 se
1276 1266 1337 1322 ce·

264 1335 416 1422 lebrasse
432 1339 643 1433 colleiiam,
669 1338 814 1429 quando
831 1356 912 1410 cum
926 1336 1005 1428 ipfis
1020 1340 1126 1413 etiam
1139 1339 1336 1438 Presbyter

265 1429 399 1522 suerat.
448 1441 625 1516 Manabat
643 1439 751 1534 igitur
770 1456 852 1510 cum
867 1456 966 1508 voce
983 1434 1119 1534 sanguis
1135 1439 1337 1520 Dominum

266 1544 514 1638 deprecantis,
541 1540 574 1613 &
591 1549 856 1633 praceptorum
873 1531 1060 1630 Evangelii
1081 1561 1243 1639 memor,
1269 1544 1337 1618 ini·

266 1647 370 1722 micis
387 1643 456 1716 suis
473 1642 616 1714 veniam
626 1636 770 1729 Martyr
783 1638 883 1709 inter·
891 1633 964 1728 ipsa
979 1642 1146 1731 corporis
1164 1638 1213 1714 sui
1226 1644 1336 1718 lania·

265 1758 388 1820 menta
403 1740 595 1836 poscebat.
643 1735 743 1834 lnter
761 1733 857 1826 ipsos
880 1756 1032 1827 namque
1048 1740 1240 1816 vulnerum
1256 1761 1354 1839 gra··

268 1842 427 1916 viffimos
451 1840 654 1917 cruciatus,
679 1847 842 1930 tortores
864 1833 1051 1925 pariter&
1073 1835 1335 1920 Proconsulem

267 1938 325 2013 his
345 1939 500 2010 vocibus
516 1934 770 2029 exprobrabat.
813 1930 943 2024 Injuste
958 1931 1088 2010 facitis.
1127 1937 1229 2016 Deus
1243 1941 1336 2017 altis·¹

266 2037 373 2128 fimo,
400 2036 479 2110 noli
491 2037 562 2108 illis
578 2031 784 2110 consentire
799 2030 844 2105 ad
857 2032 936 2104 haec
946 2047 1107 2134 peccata.
1158 2037 1335 2134 Peccatis,
1357 2102 1363 2108 .

266 2137 452 2234 inientes,
485 2132 653 2210 adversus
672 2132 793 2206 Deum
815 2129 944 2207 facitis.
997 2132 1223 2216 custodimus
1246 2164 1335 2237 prae-
1359 2151 1363 2162 ’

268 2225 375 2334 cepta'
394 2233 466 2309 Dei
492 2231 650 2309 altissimi.
708 2230 842 2328 Iniuste
867 2234 992 2330 agitis,
1016 2233 1201 2330 infelices3
1227 2243 1337 2316 inno·

268 2351 395 2411 centes
409 2336 563 2421 ianiatis.
614 2323 705 2406 Non
718 2331 835 2408 sumus
849 2330 1059 2426 homicida,
1082 2359 1160 2412 non
1171 2338 1336 2426 fraudem

241 2436 428 2510 ¹fecimus.
485 2433 588 2508 Deus
619 2430 815 2509 miserere.v
858 2430 999 2508 Gratias
1027 2435 1093 2509 tibi
1117 2457 1200 2534 ago.
1260 2439 1335 2516 Pro

266 2536 416 2612 nomine
432 2548 522 2628 tuo,
548 2533 731 2623 Domine,
758 2532 802 2607 da
819 2530 1072 2610 sufferentiam.
1121 2535 1254 2611 Libera
1266 2538 1335 2612 ser·

267 2656 340 2710 vos
366 2649 450 2707 tuos
476 2634 522 2726 de
549 2634 762 2726 captivitate
787 2632 891 2723 hujus
908 2630 1037 2705 ¹seculi.
1098 2632 1240 2709 Gratias
1267 2640 1338 2724 tibi

261 2756 359 2832 ago,
386 2754 456 2807 nec
473 2729 608 2805 sufficio
626 2731 690 2804 tibi
707 2729 839 2824 gratias
856 2750 973 2824 agere.
1032 2726 1082 2802 Et
1104 2751 1185 2806 cum
1204 2733 1333 2824 iiiibus

263 2835 477 2930 'ungularum
504 2828 673 2902 concussa
689 2826 825 2920 ,fortius
847 2831 959 2902 latera
980 2826 1224 2929 sulcarentur,
1248 2858 1336 2933 pro-

266 2933 457 3025 fluensque
479 2927 655 3023 sanguinis
682 2927 777 3002 unda
798 2929 973 3002 violentis
996 2928 1165 3007 tratiibus
1194 2956 1336 3022 emana·
1376 3021 1380 3028 ,

266 3046 353 3126 ret,
389 3027 647 3105 Proconsuiem
674 3028 736 3103 sibi
761 3027 949 3130 dicentem,
974 3031 1138 3107 audivit:
1177 3033 1335 3132 Incipiet

265 3131 419 3225 sentire,
445 3145 523 3222 qua
538 3150 609 3204 vos
624 3130 698 3223 pati
714 3142 900 3224 oporteat,
947 3125 998 3204 Et
1012 3131 1158 3227 adjecit:
1183 3133 1243 3209 Ad
1256 3139 1334 3235 gio·

264 3230 390 3323 riam·
410 3227 550 3304 Gratias
569 3249 638 3325 ago
654 3228 737 3302 Deo
752 3246 959 3326 regnorum.
1005 3228 1171 3327 Apparet
1183 3254 1336 3333 regnum

265 3333 453 3419 aetern'unr,
470 3349 619 3424 regnum
628 3332 893 3430 incorruptum.
920 3330 1335 3428 DomineJesucnnste,

266 3421 457 3503 Christiani
480 3423 618 3509 sumus,
650 3430 717 3501 tibi
739 3425 933 3520 servimus3
968 3444 1009 3524 tu
1030 3454 1068 3504 es
1094 3429 1171 3523 spes
1196 3433 1334 3530 nostra,

266 3542 308 3602 tu
337 3548 376 3600 es
402 3521 481 3619 sper
505 3523 795 3604 Christianorum.
831 3529 959 3602 .Deus
985 3529 1204 3625 sanuiffime,
1229 3531 1344 3620 Deus·

267 3630 535 3724 omnipotens,
572 3627 639 3699 tibi
662 3627 786 3706 laudes
812 3647 880 3720 pro
906 3630 1055 3703 nomine
1088 3643 1155 3702 tuo
1187 3631 1333 3724 agimus.

267 3725 334 3799 Cui
352 3726 435 3800 talia
450 3723 568 3798 oranti
584 3743 666 3799 curn
682 3749 701 3798 a
718 3727 865 3800 diabolo
882 3747 946 3822 per
955 3729 1113 3822 judicem
1131 3728 1333 3804 dicereturt

265 3824 509 3924 Custodiaete
517 3829 691 3918 oportuit
700 3826 888 3916 iussionem
903 3827 1190 3921 Imperatorum,
1211 3821 1333 3903 &Ca-

263 3921 398 4015 sarurn'a
426 3925 626 4023 defatigato
641 3927 715 4018 jam
737 3946 896 4018 corpore
911 3926 1000 3999 forti
1017 3944 1125 4021 atque
1141 3921 1331 4007 Constanti

262 4022 567 4124 sermone'vitipr
583 4027 707 4138 ‚apium
721 4026 985 4129 proclamavit:
1020 4026 1112 4130 Non
1129 4048 1241 4198 ‘uffo’
1268 4025 1334 4116 nisa

424 4169 435 4188 ,-
1181 4140 1293 4223 egam
1346 4194 1348 4198 .
