3200 4784
506 370 651 461 264
894 415 911 448 s
962 469 966 474 .
1016 366 1677 450 MONUMENTA
1729 363 2174 470 Vna-naal
2300 377 2306 384 '

521 527 1513 588 mmm-

1713 529 2648 605 ...ἥ-*ρει

1398 649 1777 736 XXXIX.

921 715 1280 889 LEX
1410 798 2358 889 HONORII·

1357 973 1813 1020 Anvtnaus

621 1076 1437 1161 IRRUENTES
1534 1075 1680 1153 IN
1777 1073 2578 1166 ECCLESIAS
2707 1147 2716 1156 .

1090 1220 1171 1282 A.
1228 1218 1677 1282 cccxcvm.
1737 1232 1842 1295 25.
1884 1219 2081 1293 April.

582 1355 701 1437 Ex
745 1355 892 1434 Cod
938 1352 1170 1427 Theod.
1208 1353 1362 1426 Lib.
1408 1352 1614 1426 XVI.
1675 1351 1801 1430 Tit.
1837 1351 1939 1424 II.
2043 1349 2164 1423 De
2201 1348 2646 1504 Episcopis,
2747 1327 2759 1424 ἶ

1046 1449 1383 1530 Ecclessis
1426 1453 1492 1528 &
1538 1448 1833 1526 Clericis
1879 1451 1969 1530 L
2013 1472 2127 1542 31.
2755 1491 2758 1498 ·

524 1620 793 1794 Impp.
831 1610 1095 1685 Arcad
1128 1611 1194 1684 ει
1230 1611 1608 1684 Honorius
1643 1608 1806 1683 AA.
1834 1609 2244 1684 Theodoro
2274 1610 2408 1687 PF.
2440 1610 2522 1686 P.
2591 1611 2670 1688 si
2751 1577 2759 1688 l

653 1734 808 1802 qurs
849 1714 924 1785 in
966 1712 1111 1783 hoc
1146 1731 1371 1806 genus
1410 1709 1746 1806 sacrilegii
1791 1712 2249 1804 proruperit,
2305 1724 2400 1781 ut
2416 1714 2494 1783 in
2529 1709 2669 1784 Ec-

531 1813 770 1885 clefias
797 1797 1081 1883 C'atholi
1091 1832 1206 1883 cas
1236 1810 1511 1884 irruens
1531 1811 2039 1886 Sacerdotibus
2073 1811 2137 1882 ἃ
2170 1810 2503 1884 ministris
2543 1812 2670 1883 vel

529 1911 699 2024 ipso·
734 1913 956 1982 cultui
1001 1913 1320 2001 locoque
1370 1909 1635 2003 aliquid
1683 1919 2031 2004 importet
2072 1911 2388 2002 injuriae,
2456 1910 2666 2001 quod

531 2012 830 2108 geritur,
861 2011 1118 2081 litteris
1148 2011 1509 2102 ordinum,
1537 2009 2072 2106 Magistratuum
2105 2011 2170 2081 &
2190 2008 2667 2103 Curam-um,
2737 2047 2746 2052 ·

535 2112 603 2183 ἃ
632 2110 942 2181 notoriis
968 2108 1521 2201 Apparitorum,
1562 2131 1745 2199 quos
1779 2108 2233 2181 stationarios
2266 2111 2668 2201 appellant,

510 2210 898 2285 deferatur
933 2209 1006 2280 in
1051 2208 1324 2284 notiam
1360 2207 1834 2302 potestatum,
1886 2210 1982 2282 ita
2018 2222 2100 2280 ut:
2135 2207 2498 2281 vocabula
2541 2229 2688 2280 eo·-

533 2331 739 2401 mm,
792 2309 910 2402 qui
951 2307 1236 2404 agnosci
1278 2309 1696 2404 potuerint,
1771 2310 2267 2385 declarentur:
2338 2308 2406 2379 &
2444 2308 2496 2384 ss
2537 2327 2676 2400 per

533 2408 1065 2483 multitudinem
1107 2407 1543 2480 commissum
1578 2408 1897 2501 dicetur,
1951 2410 1996 2482 fi
2036 2429 2189 2481 non
2217 2427 2469 2486 omnes
2505 2406 2670 2499 pos-

534 2509 698 2581 sunt
750 2522 986 2581 tamen
1037 2509 1371 2598 aliquanti
1414 2507 1800 2603 cognosci,
1865 2529 2169 2599 quorum
2221 2506 2674 2580 confessione

537 2608 900 2700 sociorum
936 2609 1229 2684 nomina
1263 2609 1744 2699 publicentur.
1849 2607 2089 2698 Atque
2131 2611 2228 2680 ita
2263 2607 2676 2699 provinciae

535 2709 1005 2798 moderator,
1058 2705 1528 2781 sacerdotum
1571 2708 1636 2781 δι
1665 2708 2058 2782 Catholicae
2097 2706 2427 2779 Ecclesiae
2464 2707 2670 2779 mini-
