3200 4784
413 322 1168 447 nanosra'ssmun'rimom.
1261 394 1334 475 347.
1402 463 1410 483 ,

261 533 528 608 venerabilium
543 551 545 555 ’
562 529 738 604 virorum·
758 524 1020 622 Episcoporum
1050 530 1269 629 legationem
1285 537 1337 610 ii·

259 638 396 727 beuter
413 630 631 723 admifimus‚
647 650 729 721 -quae
745 630 954 727 congregari
968 629 1172 706 Donatistae
1189 631 1336 725 Episco-

262 754 335 830 pos
369 730 412 805 ad
438 744 569 805 coetum
601 730 843 825 celeberrime
871 728 1044 802 desiderat
1070 732 1257 816 civitatis,
1291 750 1335 811 ut

263 830 386 906 eladis
404 832 510 903 etiam
531 829 793 908 sacerdotibus,
821 850 912 919 quos
930 826 1009 921 pars
1026 844 1179 923 utraque
1193 834 1335 930 delege.

263 934 335 1023 rit,
352 931 481 1005 habitis
496 928 795 1026 disputationibus
811 927 1096 1024 superstitionem
1109 933 1204 1005 ratio
1222 935 1334 1007 mani·

265 1031 356 1122 festa
372 1031 554 1105 confutet.
596 1032 714 1130 Quam
729 1049 804 1101 rem
818 1029 912 1099 intra
928 1041 1083 1121 quatuor
1096 1020 1232 1105 menses
1247 1018 1337 1126 piae.

266 1135 417 1224 cipimus
439 1130 632 1223 explicari,
667 1142 709 1201 ut
725 1126 927 1200 conversos
951 1130 1089 1201 animos
1113 1138 1335 1224 populorum

268 1233 375 1305 etiam
392 1232 582 1303 clementia
597 1227 732 1320 nostra,
748 1227 838 1301 srcut
857 1226 1044 1320 defiderat,
1061 1231 1213 1305 celerius
1229 1231 1336 1324 possit

267 1328 503 1425 cognoscere.
554 1327 666 1426 Quod
689 1327 826 1401 srintra
848 1325 1081 1420 prestitutum
1101 1343 1242 1423 tempus
1264 1332 1337 1407 stu·

268 1429 369 1503 diosa
393 1426 661 1503 Donatistarum
684 1422 852 1520 Episcopi
880 1426 1169 1523 declinaverint,
1196 1450 1336 1507 conve.

266 1532 349 1604 nire
378 1529 463 1602 trini
492 1526 596 1600 edisti
621 1529 855 1617 vocatione,¹
877 1529 1143 1602 contumacium
1168 1542 1336 1623 tempora

269 1628 554 1719 concludantur,
571 1628 697 1718 quibus
712 1625 860 1699 emensis
872 1638 979 1717 atque
992 1624 1195 1719 transacta,
1213 1630 1338 1725 sapro-
1357 1712 1360 1717 ,

267 1729 395 1801 vocati
410 1725 524 1800 adesse
543 1726 845 1819 contempserint,
870 1725 975 1797 cedat
989 1746 1070 1799 cum
1086 1724 1252 1803 Ecclesris
1269 1752 1337 1823 po·

270 1830 399 1923 polus,
433 1828 493 1920 qui
513 1824 681 1900 dodores
703 1822 785 1897 suos
808 1824 949 1897 silentio
969 1831 1217 1921 cognoverint
1232 1830 1336 1922 supe.

271 1941 391 2016 ratos,
425 1926 460 1998 dt
476 1924 609 2000 vidium
627 1925 661 1997 se
683 1924 872 2017 aliquando
888 1927 1109 2019 gratuletur,
1135 1927 1292 2021 sciatque
1309 1929 1337 2013 li

270 2048 349 2102 non
374 2027 560 2120 praeceptis
583 2025 732 2116 nostris,
761 2025 824 2096 vei
839 2021 1037 2098 Catboiice
1053 2028 1142 2123 legis
1160 2033 1255 2102 veris
1273 2034 1337 2104 im-

271 2127 381 2221 periis
399 2124 633 2201 serviendum.
685 2122 751 2196 Cui
768 2124 910 2216 quidem
927 2122 1156 2219 disputationi
1172 2130 1338 2222 principe

270 2228 360 2299 loco
387 2240 425 2299 te
451 2227 607 2318 judicem
634 2228 805 2298 volumus
832 2224 984 2297 residere
1013 2223 1206 2320 (quidquid
1228 2232 1338 2303 etiam

273 2341 358 2399 ante
373 2327 408 2399 in
423 2327 596 2400 mandatis
612 2325 815 2418 acceperis,
833 2324 1024 2417 plenissime
1037 2325 1245 2420 meministi)
1259 2324 1338 2400 orn·

271 2446 428 2517 nemque
450 2428 510 2499 vel
525 2429 560 2499 in
582 2424 841 2519 congregandis
860 2420 1082 2515 Episcopis,
1097 2424 1157 2496 vei
1178 2444 1337 2500 evocata-

273 2527 350 2618 dis,
375 2527 399 2600 sr
427 2524 541 2597 adesse
566 2521 871 2614 contempserint,
898 2540 1016 2594 curam
1038 2534 1077 2594 te
1098 2524 1268 2597 volumus
1286 2524 1340 2598 su.

270 2625 422 2700 stinere:
448 2625 535 2694 ut&
553 2643 610 2710 ea,
629 2641 706 2711 quae
723 2634 808 2690 ante
823 2620 988 2691 mandata
1005 2617 1086 2693 sunt
1099 2620 1133 2693 dr
1146 2642 1223 2711 quae
1239 2644 1339 2698 nunc

272 2723 404 2798 statuta
418 2719 627 2816 cognoscis,
654 2719 806 2812 probata
822 2716 925 2810 possis
941 2720 1090 2811 implere
1106 2720 1270 2812 solertia3
1300 2723 1340 2797 id

276 2837 361 2894 ante
385 2822 506 2894 omnia
531 2819 756 2909 servaturus,
783 2831 825 2889 ut
847 2838 888 2888 ea
910 2838 987 2909 quae
1001 2819 1096 2891 circa
1112 2818 1341 2899 Catholitam

275 2924 391 3015 legem
415 2922 474 2992 vel
500 2921 586 2992 oiim
608 2916 791 2989 ordinavit
814 2918 1032 3009 antiquitas,
1068 2921 1128 2994 vel
1151 2938 1342 3015 parentum

277 3011 482 3094 nostroru'm
508 3015 698 3090 audioritas
717 3015 878 3111 religiosa
901 3015 1110 3111 constituit,
1137 3024 1197 3094 vel
1219 3020 1342 3099 nostra

276 3121 446 3193 serenitas
460 3117 673 3211 roboravit,
699 3118 848 3190 novella
863 3114 1094 3209 subreptione
1108 3117 1272 3195 submota
1288 3124 1343 3197 in·

278 3237 379 3314 tegra
394 3219 426 3290 dt
439 3219 614 3292 inviolata
629 3214 818 3295 custodias.
851 3213 908 3289 Ut
920 3216 999 3290 sane
1015 3218 1227 3293 adminicula
1243 3220 1344 3297 corni

278 3320 440 3413 petentia
455 3317 587 3391 adiibus
602 3320 673 3390 tuis
690 3315 807 3390 deesse
823 3337 899 3389 non
916 3316 1067 3409 poffint,
1094 3322 1195 3391 viros
1213 3320 1344 3411 spodia-

278 3420 370 3492 biles
399 3416 652 3490 Proconsulem
680 3428 787 3508 atque
812 3416 998 3489 Vitarium
1026 3415 1194 3491 serenitas
1221 3419 1345 3512 nostra

281 3526 531 3607 commonuit,
556 3530 598 3587 ut
618 3516 643 3588 st
665 3517 890 3608 propriarum
910 3515 1120 3610 dignitatum
1141 3514 1267 3591 statum
1284 3539 1348 3592 cu·

281 3632 385 3712 ptunt
406 3617 590 3707 retinere,
615 3614 641 3685 s1
664 3615 923 3707 apparitionem
946 3611 1040 3687 suam
1059 3630 1219 3688 exuema
1238 3618 1347 3692 decli·¹

283 3738 368 3791 nate
402 3715 596 3809 supplicia,
630 3724 702 3785 tam
729 3734 774 3784 ex
801 3714 954 3807 propriis
980 3712 1132 3808 offitiis,
1169 3735 1272 3804 quam
1297 3730 1356 3795 ex‘

283 3819 445 3890 omniurn
458 3816 617 3908 judicum
635 3814 879 3905 apparitione,
907 3814 1049 3889 abunde
1064 3812 1278 3909 necessarios
1294 3817 1348 3892 sa·

284 3917 382 3989 ciant
405 3915 578 4009 deputari.
629 3909 710 3984 Erit
728 3912 798 4002 jam
821 3910 1069 3991 sollicitudinis
1090 3930 1180 4007 tue,
1212 3917 1237 3991 fi
1262 3918 1348 4009 quid

283 4018 358 4092 ulia
374 4015 596 4114 cognoverit
610 4018 688 4117 arte
704 4009 863 4109 differri,
888 4014 991 4092 missis
1010 4017 1360 4095 relationibusinds»

1230 4129 1344 4183 Uesta
