<?xml version="1.0" encoding="UTF-8"?>
<!DOCTYPE html PUBLIC "-//W3C//DTD XHTML 1.0 Transitional//EN"
    "http://www.w3.org/TR/xhtml1/DTD/xhtml1-transitional.dtd">
<html xmlns="http://www.w3.org/1999/xhtml" xml:lang="en" lang="en">
 <head>
  <title>
</title>
<meta http-equiv="Content-Type" content="text/html;charset=utf-8" />
  <meta name='ocr-system' content='tesseract 3.04.00' />
  <meta name='ocr-capabilities' content='ocr_page ocr_carea ocr_par ocr_line ocrx_word'/>
</head>
<body>
  <div class='ocr_page' id='page_1' title='image "./operaomniasanct06librgoog_0213.png"; bbox 0 0 3200 4784; ppageno 0'>
   <div class='ocr_carea' id='block_1_1' title="bbox 299 386 1332 501">
    <p class='ocr_par' dir='ltr' id='par_1_1' title="bbox 299 386 1332 501">
     <span class='ocr_line' id='line_1_1' title="bbox 299 386 1332 501; baseline -0.004 -15"><span class='ocrx_word' id='word_1_1' title='bbox 299 437 302 442; x_wconf 94' lang='lat'>·</span> <span class='ocrx_word' id='word_1_2' title='bbox 415 386 904 501; x_wconf 56' lang='lat' dir='ltr'>&#39;nunnunrrsmuii</span> <span class='ocrx_word' id='word_1_3' title='bbox 934 401 1186 486; x_wconf 76' lang='lat' dir='ltr'>Hieronis:</span> <span class='ocrx_word' id='word_1_4' title='bbox 1261 408 1332 483; x_wconf 74' lang='lat'>16:</span> 
     </span>
    </p>
   </div>
   <div class='ocr_carea' id='block_1_2' title="bbox 215 566 1407 4238">
    <p class='ocr_par' dir='ltr' id='par_1_2' title="bbox 219 566 1388 1160">
     <span class='ocr_line' id='line_1_2' title="bbox 219 566 1331 664; baseline -0.005 -15"><span class='ocrx_word' id='word_1_5' title='bbox 219 601 222 618; x_wconf 93' lang='lat'>·</span> <span class='ocrx_word' id='word_1_6' title='bbox 267 568 367 649; x_wconf 72' lang='lat' dir='ltr'>none</span> <span class='ocrx_word' id='word_1_7' title='bbox 384 592 528 664; x_wconf 86' lang='lat' dir='ltr'>parere:</span> <span class='ocrx_word' id='word_1_8' title='bbox 554 571 656 645; x_wconf 89' lang='lat' dir='ltr'>vides</span> <span class='ocrx_word' id='word_1_9' title='bbox 675 575 768 646; x_wconf 90' lang='lat' dir='ltr'>enim</span> <span class='ocrx_word' id='word_1_10' title='bbox 784 568 1053 662; x_wconf 83' lang='lat' dir='ltr'>jussionemelse</span> <span class='ocrx_word' id='word_1_11' title='bbox 1071 570 1212 647; x_wconf 90' lang='lat' dir='ltr'>sacram.</span> <span class='ocrx_word' id='word_1_12' title='bbox 1256 566 1331 643; x_wconf 82' lang='lat' dir='ltr'>Ce-</span> 
     </span>
     <span class='ocr_line' id='line_1_3' title="bbox 267 667 1329 764; baseline -0.005 -20"><span class='ocrx_word' id='word_1_13' title='bbox 267 674 416 745; x_wconf 84' lang='lat' dir='ltr'><strong>cilianus</strong></span> <span class='ocrx_word' id='word_1_14' title='bbox 440 672 546 745; x_wconf 85' lang='lat' dir='ltr'>dixit:</span> <span class='ocrx_word' id='word_1_15' title='bbox 571 672 743 745; x_wconf 85' lang='lat' dir='ltr'>Devotus</span> <span class='ocrx_word' id='word_1_16' title='bbox 763 669 837 746; x_wconf 86' lang='lat' dir='ltr'>suni</span> <span class='ocrx_word' id='word_1_17' title='bbox 855 683 960 743; x_wconf 83' lang='lat' dir='ltr'>tanto</span> <span class='ocrx_word' id='word_1_18' title='bbox 979 684 1174 764; x_wconf 82' lang='lat' dir='ltr'>praecepto.</span> <span class='ocrx_word' id='word_1_19' title='bbox 1225 667 1329 762; x_wconf 87' lang='lat' dir='ltr'>Item,</span> 
     </span>
     <span class='ocr_line' id='line_1_4' title="bbox 265 765 1388 865; baseline 0.003 -22"><span class='ocrx_word' id='word_1_20' title='bbox 265 792 349 845; x_wconf 90' lang='lat' dir='ltr'>cum</span> <span class='ocrx_word' id='word_1_21' title='bbox 366 772 474 863; x_wconf 88' lang='lat' dir='ltr'>paulo</span> <span class='ocrx_word' id='word_1_22' title='bbox 490 768 570 865; x_wconf 90' lang='lat' dir='ltr'>post</span> <span class='ocrx_word' id='word_1_23' title='bbox 584 771 695 843; x_wconf 90' lang='lat' dir='ltr'>scriba</span> <span class='ocrx_word' id='word_1_24' title='bbox 709 771 866 860; x_wconf 80' lang='lat' dir='ltr'>Miceius</span> <span class='ocrx_word' id='word_1_25' title='bbox 882 766 1159 862; x_wconf 85' lang='lat' dir='ltr'>supervenisset,</span> <span class='ocrx_word' id='word_1_26' title='bbox 1183 765 1213 842; x_wconf 89' lang='lat' dir='ltr'>F</span> <span class='ocrx_word' id='word_1_27' title='bbox 1214 766 1329 842; x_wconf 83' lang='lat' dir='ltr'>uscius</span> <span class='ocrx_word' id='word_1_28' title='bbox 1380 833 1388 846; x_wconf 84' lang='grc'><strong><em>,</em></strong></span> 
     </span>
     <span class='ocr_line' id='line_1_5' title="bbox 261 866 1331 960; baseline -0.003 -16"><span class='ocrx_word' id='word_1_29' title='bbox 261 866 447 944; x_wconf 88' lang='lat' dir='ltr'>Duumvir</span> <span class='ocrx_word' id='word_1_30' title='bbox 463 870 572 945; x_wconf 83' lang='lat' dir='ltr'>dixit:</span> <span class='ocrx_word' id='word_1_31' title='bbox 604 869 745 943; x_wconf 84' lang='lat' dir='ltr'>Audisti</span> <span class='ocrx_word' id='word_1_32' title='bbox 764 870 797 941; x_wconf 81' lang='lat' dir='ltr'>dt</span> <span class='ocrx_word' id='word_1_33' title='bbox 815 884 856 941; x_wconf 91' lang='lat' dir='ltr'>tu</span> <span class='ocrx_word' id='word_1_34' title='bbox 872 869 1008 960; x_wconf 89' lang='lat' dir='ltr'>Micci,</span> <span class='ocrx_word' id='word_1_35' title='bbox 1036 866 1135 958; x_wconf 90' lang='lat' dir='ltr'>quod</span> <span class='ocrx_word' id='word_1_36' title='bbox 1152 868 1186 941; x_wconf 85' lang='lat'>&amp;</span> <span class='ocrx_word' id='word_1_37' title='bbox 1203 880 1244 940; x_wconf 90' lang='lat' dir='ltr'>tu</span> <span class='ocrx_word' id='word_1_38' title='bbox 1258 887 1331 941; x_wconf 87' lang='lat' dir='ltr'>una</span> 
     </span>
     <span class='ocr_line' id='line_1_6' title="bbox 265 965 1332 1062; baseline 0 -21"><span class='ocrx_word' id='word_1_39' title='bbox 265 990 351 1041; x_wconf 89' lang='lat' dir='ltr'>curn</span> <span class='ocrx_word' id='word_1_40' title='bbox 369 967 562 1044; x_wconf 83' lang='lat' dir='ltr'>Caecili&#39;ano</span> <span class='ocrx_word' id='word_1_41' title='bbox 579 968 792 1043; x_wconf 85' lang='lat' dir='ltr'>necessarius</span> <span class='ocrx_word' id='word_1_42' title='bbox 812 989 849 1040; x_wconf 88' lang='lat' dir='ltr'>es</span> <span class='ocrx_word' id='word_1_43' title='bbox 867 968 918 1041; x_wconf 89' lang='lat' dir='ltr'>ir&#39;e</span> <span class='ocrx_word' id='word_1_44' title='bbox 936 968 979 1040; x_wconf 91' lang='lat' dir='ltr'>ad</span> <span class='ocrx_word' id='word_1_45' title='bbox 994 965 1150 1041; x_wconf 90' lang='lat' dir='ltr'>officium</span> <span class='ocrx_word' id='word_1_46' title='bbox 1168 969 1238 1040; x_wconf 87' lang='lat' dir='ltr'>viri</span> <span class='ocrx_word' id='word_1_47' title='bbox 1255 967 1332 1062; x_wconf 81' lang='lat' dir='ltr'>spe·</span> 
     </span>
     <span class='ocr_line' id='line_1_7' title="bbox 265 1061 1331 1160; baseline -0.001 -20"><span class='ocrx_word' id='word_1_48' title='bbox 265 1067 401 1141; x_wconf 74' lang='lat' dir='ltr'>stabilis</span> <span class='ocrx_word' id='word_1_49' title='bbox 418 1070 573 1158; x_wconf 86' lang='lat' dir='ltr'>Vicarii,</span> <span class='ocrx_word' id='word_1_50' title='bbox 601 1061 870 1141; x_wconf 78' lang='lat' dir='ltr'>instrusiionem</span> <span class='ocrx_word' id='word_1_51' title='bbox 886 1068 963 1159; x_wconf 84' lang='lat' dir='ltr'>ejus</span> <span class='ocrx_word' id='word_1_52' title='bbox 980 1067 1178 1160; x_wconf 86' lang='lat' dir='ltr'>temporis,</span> <span class='ocrx_word' id='word_1_53' title='bbox 1203 1079 1245 1138; x_wconf 93' lang='lat' dir='ltr'>ut</span> <span class='ocrx_word' id='word_1_54' title='bbox 1262 1087 1331 1139; x_wconf 91' lang='lat' dir='ltr'>vo·</span> 
     </span>
    </p>

    <p class='ocr_par' dir='ltr' id='par_1_3' title="bbox 215 1151 1407 4238">
     <span class='ocr_line' id='line_1_8' title="bbox 240 1151 1332 1261; baseline -0.002 -21"><span class='ocrx_word' id='word_1_55' title='bbox 240 1151 399 1241; x_wconf 77' lang='lat' dir='ltr'>&#39;&#39;biscum</span> <span class='ocrx_word' id='word_1_56' title='bbox 418 1168 619 1261; x_wconf 81' lang='lat' dir='ltr'>perferatis.</span> <span class='ocrx_word' id='word_1_57' title='bbox 669 1168 729 1239; x_wconf 85' lang='lat' dir='ltr'>Ad</span> <span class='ocrx_word' id='word_1_58' title='bbox 752 1168 828 1239; x_wconf 82' lang='lat' dir='ltr'>haec</span> <span class='ocrx_word' id='word_1_59' title='bbox 851 1167 935 1257; x_wconf 90' lang='lat' dir='ltr'>quid</span> <span class='ocrx_word' id='word_1_60' title='bbox 955 1163 1069 1240; x_wconf 66' lang='lat' dir='ltr'>dicis?</span> <span class='ocrx_word' id='word_1_61' title='bbox 1093 1165 1250 1239; x_wconf 88' lang='lat' dir='ltr'>M&#39;iccius</span> <span class='ocrx_word' id='word_1_62' title='bbox 1273 1186 1332 1238; x_wconf 88' lang='lat' dir='ltr'>re·</span> 
     </span>
     <span class='ocr_line' id='line_1_9' title="bbox 263 1260 1331 1363; baseline -0.003 -23"><span class='ocrx_word' id='word_1_63' title='bbox 263 1264 426 1359; x_wconf 81' lang='lat' dir='ltr'>spondit:</span> <span class='ocrx_word' id='word_1_64' title='bbox 453 1266 679 1363; x_wconf 86' lang='lat' dir='ltr'>Magistratus</span> <span class='ocrx_word' id='word_1_65' title='bbox 699 1264 865 1358; x_wconf 90' lang='lat' dir='ltr'>suppleto</span> <span class='ocrx_word' id='word_1_66' title='bbox 884 1285 981 1338; x_wconf 91' lang='lat' dir='ltr'>anno</span> <span class='ocrx_word' id='word_1_67' title='bbox 995 1284 1122 1339; x_wconf 86' lang='lat' dir='ltr'>omnes</span> <span class='ocrx_word' id='word_1_68' title='bbox 1141 1262 1236 1338; x_wconf 80' lang='lat' dir='ltr'>astus</span> <span class='ocrx_word' id='word_1_69' title='bbox 1248 1260 1331 1337; x_wconf 89' lang='lat' dir='ltr'>suos</span> 
     </span>
     <span class='ocr_line' id='line_1_10' title="bbox 261 1363 1332 1457; baseline -0.001 -20"><span class='ocrx_word' id='word_1_70' title='bbox 261 1366 411 1442; x_wconf 89' lang='lat' dir='ltr'>domum</span> <span class='ocrx_word' id='word_1_71' title='bbox 435 1363 529 1442; x_wconf 89' lang='lat' dir='ltr'>suam</span> <span class='ocrx_word' id='word_1_72' title='bbox 552 1369 657 1453; x_wconf 76' lang='lat' dir='ltr'>tulit:</span> <span class='ocrx_word' id='word_1_73' title='bbox 684 1364 708 1438; x_wconf 91' lang='lat' dir='ltr'>si</span> <span class='ocrx_word' id='word_1_74' title='bbox 732 1368 801 1437; x_wconf 87' lang='lat' dir='ltr'>mei</span> <span class='ocrx_word' id='word_1_75' title='bbox 822 1366 860 1438; x_wconf 91' lang='lat' dir='ltr'>iri</span> <span class='ocrx_word' id='word_1_76' title='bbox 879 1384 961 1436; x_wconf 92' lang='lat' dir='ltr'>cera</span> <span class='ocrx_word' id='word_1_77' title='bbox 982 1363 1087 1457; x_wconf 85' lang='lat' dir='ltr'>possit</span> <span class='ocrx_word' id='word_1_78' title='bbox 1107 1364 1264 1437; x_wconf 89' lang='lat' dir='ltr'>inveniri</span> <span class='ocrx_word' id='word_1_79' title='bbox 1280 1365 1332 1436; x_wconf 93' lang='lat' dir='ltr'>in·</span> 
     </span>
     <span class='ocr_line' id='line_1_11' title="bbox 263 1459 1333 1563; baseline 0.002 -27"><span class='ocrx_word' id='word_1_80' title='bbox 263 1468 410 1557; x_wconf 63' lang='lat' dir='ltr'>quito„</span> <span class='ocrx_word' id='word_1_81' title='bbox 440 1463 490 1539; x_wconf 88' lang='lat' dir='ltr'>Et</span> <span class='ocrx_word' id='word_1_82' title='bbox 512 1486 593 1537; x_wconf 93' lang='lat' dir='ltr'>cum</span> <span class='ocrx_word' id='word_1_83' title='bbox 614 1481 813 1557; x_wconf 83' lang='lat' dir='ltr'>quaereret,</span> <span class='ocrx_word' id='word_1_84' title='bbox 847 1465 1005 1563; x_wconf 87' lang='lat' dir='ltr'>Quintus</span> <span class='ocrx_word' id='word_1_85' title='bbox 1025 1459 1172 1536; x_wconf 81' lang='lat' dir='ltr'>Sisenna</span> <span class='ocrx_word' id='word_1_86' title='bbox 1195 1463 1333 1538; x_wconf 87' lang='lat' dir='ltr'>Duum·</span> 
     </span>
     <span class='ocr_line' id='line_1_12' title="bbox 263 1560 1332 1661; baseline -0.004 -24"><span class='ocrx_word' id='word_1_87' title='bbox 263 1566 323 1637; x_wconf 86' lang='lat' dir='ltr'>vir</span> <span class='ocrx_word' id='word_1_88' title='bbox 342 1565 449 1639; x_wconf 84' lang='lat' dir='ltr'>dixit:</span> <span class='ocrx_word' id='word_1_89' title='bbox 476 1565 588 1661; x_wconf 88' lang='lat' dir='ltr'>Quod</span> <span class='ocrx_word' id='word_1_90' title='bbox 606 1567 784 1659; x_wconf 80' lang='lat' dir='ltr'>cognouit</span> <span class='ocrx_word' id='word_1_91' title='bbox 799 1561 955 1638; x_wconf 88' lang='lat' dir='ltr'>officium</span> <span class='ocrx_word' id='word_1_92' title='bbox 971 1560 1169 1656; x_wconf 88' lang='lat' dir='ltr'>respondit.</span> <span class='ocrx_word' id='word_1_93' title='bbox 1207 1560 1332 1655; x_wconf 85' lang='lat' dir='ltr'>Apro-</span> 
     </span>
     <span class='ocr_line' id='line_1_13' title="bbox 261 1659 1332 1759; baseline -0.005 -21"><span class='ocrx_word' id='word_1_94' title='bbox 261 1665 390 1738; x_wconf 83' lang='lat' dir='ltr'>nianus</span> <span class='ocrx_word' id='word_1_95' title='bbox 414 1664 530 1737; x_wconf 82' lang='lat' dir='ltr'>dixit:</span> <span class='ocrx_word' id='word_1_96' title='bbox 567 1664 603 1735; x_wconf 87' lang='lat' dir='ltr'>Si</span> <span class='ocrx_word' id='word_1_97' title='bbox 627 1682 752 1737; x_wconf 86' lang='lat' dir='ltr'>ornnes</span> <span class='ocrx_word' id='word_1_98' title='bbox 774 1663 870 1759; x_wconf 73' lang='lat' dir='ltr'>atius</span> <span class='ocrx_word' id='word_1_99' title='bbox 894 1662 975 1737; x_wconf 88' lang='lat' dir='ltr'>suos</span> <span class='ocrx_word' id='word_1_100' title='bbox 1001 1664 1134 1735; x_wconf 89' lang='lat' dir='ltr'>tulerat</span> <span class='ocrx_word' id='word_1_101' title='bbox 1156 1659 1332 1758; x_wconf 89' lang='lat' dir='ltr'>magistra·</span> 
     </span>
     <span class='ocr_line' id='line_1_14' title="bbox 264 1760 1333 1853; baseline -0.001 -19"><span class='ocrx_word' id='word_1_102' title='bbox 264 1778 347 1853; x_wconf 86' lang='lat' dir='ltr'>tus,</span> <span class='ocrx_word' id='word_1_103' title='bbox 379 1764 476 1836; x_wconf 89' lang='lat' dir='ltr'>unde</span> <span class='ocrx_word' id='word_1_104' title='bbox 503 1762 598 1846; x_wconf 79' lang='lat' dir='ltr'>asia,</span> <span class='ocrx_word' id='word_1_105' title='bbox 634 1784 711 1851; x_wconf 86' lang='lat' dir='ltr'>quae</span> <span class='ocrx_word' id='word_1_106' title='bbox 735 1775 824 1834; x_wconf 87' lang='lat' dir='ltr'>tunc</span> <span class='ocrx_word' id='word_1_107' title='bbox 850 1760 967 1837; x_wconf 85' lang='lat' dir='ltr'>emissa</span> <span class='ocrx_word' id='word_1_108' title='bbox 992 1776 1121 1851; x_wconf 90' lang='lat' dir='ltr'>erant,</span> <span class='ocrx_word' id='word_1_109' title='bbox 1154 1762 1215 1835; x_wconf 91' lang='lat' dir='ltr'>vel</span> <span class='ocrx_word' id='word_1_110' title='bbox 1243 1780 1333 1833; x_wconf 88' lang='lat' dir='ltr'>cou-</span> 
     </span>
     <span class='ocr_line' id='line_1_15' title="bbox 262 1858 1333 1960; baseline -0.002 -25"><span class='ocrx_word' id='word_1_111' title='bbox 262 1860 358 1935; x_wconf 79' lang='lat' dir='ltr'>setla</span> <span class='ocrx_word' id='word_1_112' title='bbox 375 1874 478 1932; x_wconf 86' lang='lat' dir='ltr'>tanto</span> <span class='ocrx_word' id='word_1_113' title='bbox 495 1860 687 1953; x_wconf 71' lang='lat' dir='ltr'>tempore?</span> <span class='ocrx_word' id='word_1_114' title='bbox 712 1859 762 1960; x_wconf 67' lang='lat' dir='ltr'>lit</span> <span class='ocrx_word' id='word_1_115' title='bbox 781 1882 862 1934; x_wconf 88' lang='lat' dir='ltr'>cum</span> <span class='ocrx_word' id='word_1_116' title='bbox 881 1862 1039 1951; x_wconf 87' lang='lat' dir='ltr'>diceret,</span> <span class='ocrx_word' id='word_1_117' title='bbox 1065 1858 1228 1934; x_wconf 85' lang='lat' dir='ltr'>AElianus</span> <span class='ocrx_word' id='word_1_118' title='bbox 1243 1858 1333 1933; x_wconf 89' lang='lat' dir='ltr'>Pro-</span> 
     </span>
     <span class='ocr_line' id='line_1_16' title="bbox 265 1942 1334 2055; baseline 0 -24"><span class='ocrx_word' id='word_1_119' title='bbox 265 1942 512 2032; x_wconf 76' lang='lat' dir='ltr'>constrinxit:</span> <span class='ocrx_word' id='word_1_120' title='bbox 538 1958 585 2031; x_wconf 83' lang='lat' dir='ltr'>Et</span> <span class='ocrx_word' id='word_1_121' title='bbox 601 1981 679 2033; x_wconf 91' lang='lat' dir='ltr'>mea</span> <span class='ocrx_word' id='word_1_122' title='bbox 692 1960 954 2055; x_wconf 84' lang='lat' dir='ltr'>interrogatio,</span> <span class='ocrx_word' id='word_1_123' title='bbox 980 1959 1236 2054; x_wconf 89' lang='lat' dir='ltr'>&amp;lingularum</span> <span class='ocrx_word' id='word_1_124' title='bbox 1252 1979 1334 2053; x_wconf 87' lang='lat' dir='ltr'>per·</span> 
     </span>
     <span class='ocr_line' id='line_1_17' title="bbox 263 2055 1332 2160; baseline 0 -28"><span class='ocrx_word' id='word_1_125' title='bbox 263 2058 432 2134; x_wconf 89' lang='lat' dir='ltr'>sonarum</span> <span class='ocrx_word' id='word_1_126' title='bbox 446 2057 631 2152; x_wconf 85' lang='lat' dir='ltr'>responsio</span> <span class='ocrx_word' id='word_1_127' title='bbox 644 2058 732 2146; x_wconf 77' lang='lat' dir='ltr'>aitis¹</span> <span class='ocrx_word' id='word_1_128' title='bbox 743 2062 971 2160; x_wconf 23' lang='lat' dir='ltr'>&#39;continetun</span> <span class='ocrx_word' id='word_1_129' title='bbox 1022 2055 1208 2159; x_wconf 86' lang='lat' dir='ltr'>Agesilaus</span> <span class='ocrx_word' id='word_1_130' title='bbox 1222 2058 1332 2133; x_wconf 83' lang='lat' dir='ltr'>dixit:</span> 
     </span>
     <span class='ocr_line' id='line_1_18' title="bbox 261 2153 1329 2250; baseline 0.001 -20"><span class='ocrx_word' id='word_1_131' title='bbox 261 2158 354 2231; x_wconf 88' lang='lat' dir='ltr'>Sunt</span> <span class='ocrx_word' id='word_1_132' title='bbox 378 2172 549 2250; x_wconf 84' lang='lat' dir='ltr'>ptaeterea</span> <span class='ocrx_word' id='word_1_133' title='bbox 572 2160 606 2229; x_wconf 89' lang='lat'>&amp;</span> <span class='ocrx_word' id='word_1_134' title='bbox 630 2160 705 2232; x_wconf 85' lang='lat' dir='ltr'>aliae</span> <span class='ocrx_word' id='word_1_135' title='bbox 733 2157 893 2250; x_wconf 80' lang='lat' dir='ltr'>epistolae</span> <span class='ocrx_word' id='word_1_136' title='bbox 918 2160 1001 2232; x_wconf 88' lang='lat' dir='ltr'>huic</span> <span class='ocrx_word' id='word_1_137' title='bbox 1028 2160 1080 2231; x_wconf 89' lang='lat' dir='ltr'>rei</span> <span class='ocrx_word' id='word_1_138' title='bbox 1108 2153 1329 2246; x_wconf 79' lang='lat' dir='ltr'>necessariae:</span> 
     </span>
     <span class='ocr_line' id='line_1_19' title="bbox 262 2254 1333 2353; baseline 0.002 -24"><span class='ocrx_word' id='word_1_139' title='bbox 262 2256 411 2329; x_wconf 88' lang='lat' dir='ltr'>interest</span> <span class='ocrx_word' id='word_1_140' title='bbox 426 2272 467 2330; x_wconf 90' lang='lat' dir='ltr'>ut</span> <span class='ocrx_word' id='word_1_141' title='bbox 484 2260 659 2352; x_wconf 87' lang='lat' dir='ltr'>legantur.</span> <span class='ocrx_word' id='word_1_142' title='bbox 710 2257 874 2332; x_wconf 85' lang='lat' dir='ltr'>AElianus</span> <span class='ocrx_word' id='word_1_143' title='bbox 888 2254 1084 2332; x_wconf 86' lang='lat' dir='ltr'>Proconsul</span> <span class='ocrx_word' id='word_1_144' title='bbox 1101 2258 1206 2330; x_wconf 86' lang='lat' dir='ltr'>dixit:</span> <span class='ocrx_word' id='word_1_145' title='bbox 1233 2256 1333 2353; x_wconf 87' lang='lat' dir='ltr'>Lege</span> 
     </span>
     <span class='ocr_line' id='line_1_20' title="bbox 263 2353 1332 2455; baseline 0.004 -28"><span class='ocrx_word' id='word_1_146' title='bbox 263 2353 459 2429; x_wconf 86' lang='lat' dir='ltr'>Caecilianu</span> <span class='ocrx_word' id='word_1_147' title='bbox 484 2358 675 2449; x_wconf 85' lang='lat' dir='ltr'>audiente,</span> <span class='ocrx_word' id='word_1_148' title='bbox 710 2372 752 2429; x_wconf 92' lang='lat' dir='ltr'>ut</span> <span class='ocrx_word' id='word_1_149' title='bbox 774 2356 944 2455; x_wconf 85' lang='lat' dir='ltr'>agnoscat</span> <span class='ocrx_word' id='word_1_150' title='bbox 968 2380 1012 2432; x_wconf 91' lang='lat' dir='ltr'>an</span> <span class='ocrx_word' id='word_1_151' title='bbox 1031 2353 1105 2451; x_wconf 90' lang='lat' dir='ltr'>ipse</span> <span class='ocrx_word' id='word_1_152' title='bbox 1131 2356 1332 2431; x_wconf 69' lang='lat' dir='ltr'>distaverit.</span> 
     </span>
     <span class='ocr_line' id='line_1_21' title="bbox 263 2453 1333 2551; baseline -0.002 -23"><span class='ocrx_word' id='word_1_153' title='bbox 263 2453 447 2551; x_wconf 78' lang='lat' dir='ltr'>Agesilaus</span> <span class='ocrx_word' id='word_1_154' title='bbox 465 2460 649 2530; x_wconf 84' lang='lat' dir='ltr'>recitavit.</span> <span class='ocrx_word' id='word_1_155' title='bbox 701 2457 904 2530; x_wconf 81' lang='lat' dir='ltr'>Volusiano</span> <span class='ocrx_word' id='word_1_156' title='bbox 928 2456 1154 2532; x_wconf 87' lang='lat' dir='ltr'>&amp;Anniano</span> <span class='ocrx_word' id='word_1_157' title='bbox 1179 2453 1333 2527; x_wconf 89' lang='lat' dir='ltr'>consuli·</span> 
     </span>
     <span class='ocr_line' id='line_1_22' title="bbox 265 2552 1333 2648; baseline -0.002 -20"><span class='ocrx_word' id='word_1_158' title='bbox 265 2554 333 2628; x_wconf 85' lang='lat' dir='ltr'>bus</span> <span class='ocrx_word' id='word_1_159' title='bbox 350 2576 428 2630; x_wconf 87' lang='lat' dir='ltr'>xrrr.</span> <span class='ocrx_word' id='word_1_160' title='bbox 446 2554 525 2631; x_wconf 88' lang='lat' dir='ltr'>Kal.</span> <span class='ocrx_word' id='word_1_161' title='bbox 541 2553 741 2647; x_wconf 86' lang='lat' dir='ltr'>Septembr.</span> <span class='ocrx_word' id='word_1_162' title='bbox 764 2556 801 2627; x_wconf 92' lang='lat' dir='ltr'>in</span> <span class='ocrx_word' id='word_1_163' title='bbox 822 2559 903 2647; x_wconf 87' lang='lat' dir='ltr'>jure</span> <span class='ocrx_word' id='word_1_164' title='bbox 929 2556 1023 2648; x_wconf 89' lang='lat' dir='ltr'>apud</span> <span class='ocrx_word' id='word_1_165' title='bbox 1050 2553 1239 2626; x_wconf 87' lang='lat' dir='ltr'>Aurelium</span> <span class='ocrx_word' id='word_1_166' title='bbox 1266 2552 1333 2626; x_wconf 86' lang='lat' dir='ltr'>Di·</span> 
     </span>
     <span class='ocr_line' id='line_1_23' title="bbox 265 2646 1390 2747; baseline -0.002 -21"><span class='ocrx_word' id='word_1_167' title='bbox 265 2651 411 2747; x_wconf 86' lang='lat' dir='ltr'>dymum</span> <span class='ocrx_word' id='word_1_168' title='bbox 438 2653 637 2745; x_wconf 84' lang='lat' dir='ltr'>Speretiunr</span> <span class='ocrx_word' id='word_1_169' title='bbox 667 2652 891 2726; x_wconf 88' lang='lat' dir='ltr'>sacerdotem</span> <span class='ocrx_word' id='word_1_170' title='bbox 915 2651 1020 2747; x_wconf 87' lang='lat' dir='ltr'>Jovis</span> <span class='ocrx_word' id='word_1_171' title='bbox 1050 2650 1188 2743; x_wconf 80' lang='lat' dir='ltr'>Optimi</span> <span class='ocrx_word' id='word_1_172' title='bbox 1214 2646 1333 2724; x_wconf 88' lang='lat' dir='ltr'>Maxi·</span> <span class='ocrx_word' id='word_1_173' title='bbox 1384 2737 1390 2746; x_wconf 21' lang='lat'><strong>¹</strong></span> 
     </span>
     <span class='ocr_line' id='line_1_24' title="bbox 262 2749 1330 2846; baseline -0.003 -17"><span class='ocrx_word' id='word_1_174' title='bbox 262 2755 312 2829; x_wconf 87' lang='lat' dir='ltr'>mi</span> <span class='ocrx_word' id='word_1_175' title='bbox 333 2755 574 2827; x_wconf 84' lang='lat' dir='ltr'>Duumvirurn</span> <span class='ocrx_word' id='word_1_176' title='bbox 601 2751 789 2843; x_wconf 76' lang='lat' dir='ltr'>splendide</span> <span class='ocrx_word' id='word_1_177' title='bbox 816 2752 971 2824; x_wconf 76' lang='lat' dir='ltr'>colonie</span> <span class='ocrx_word' id='word_1_178' title='bbox 997 2749 1330 2846; x_wconf 76' lang='lat' dir='ltr'>Carthaginensium</span> 
     </span>
     <span class='ocr_line' id='line_1_25' title="bbox 266 2845 1333 2948; baseline -0.003 -23"><span class='ocrx_word' id='word_1_179' title='bbox 266 2852 448 2925; x_wconf 83' lang='lat' dir='ltr'>Maximus</span> <span class='ocrx_word' id='word_1_180' title='bbox 484 2851 598 2923; x_wconf 87' lang='lat' dir='ltr'>dixit:</span> <span class='ocrx_word' id='word_1_181' title='bbox 645 2850 798 2940; x_wconf 86' lang='lat' dir='ltr'>Loquor</span> <span class='ocrx_word' id='word_1_182' title='bbox 834 2853 982 2925; x_wconf 92' lang='lat' dir='ltr'>nomine</span> <span class='ocrx_word' id='word_1_183' title='bbox 1016 2849 1196 2948; x_wconf 87' lang='lat' dir='ltr'>seniorum</span> <span class='ocrx_word' id='word_1_184' title='bbox 1230 2845 1333 2925; x_wconf 89' lang='lat' dir='ltr'>Chri·</span> 
     </span>
     <span class='ocr_line' id='line_1_26' title="bbox 263 2945 1332 3046; baseline 0.002 -24"><span class='ocrx_word' id='word_1_185' title='bbox 263 2948 365 3022; x_wconf 87' lang='lat' dir='ltr'>stiani</span> <span class='ocrx_word' id='word_1_186' title='bbox 399 2949 525 3041; x_wconf 90' lang='lat' dir='ltr'>populi</span> <span class='ocrx_word' id='word_1_187' title='bbox 552 2945 750 3021; x_wconf 84' lang='lat' dir='ltr'>Catholicae</span> <span class='ocrx_word' id='word_1_188' title='bbox 774 2950 873 3046; x_wconf 86' lang='lat' dir='ltr'>legis.</span> <span class='ocrx_word' id='word_1_189' title='bbox 932 2950 1040 3043; x_wconf 84' lang='lat' dir='ltr'>Apud</span> <span class='ocrx_word' id='word_1_190' title='bbox 1065 2948 1240 3025; x_wconf 85' lang='lat' dir='ltr'>maximos</span> <span class='ocrx_word' id='word_1_191' title='bbox 1262 2950 1332 3024; x_wconf 87' lang='lat' dir='ltr'>lm·</span> 
     </span>
     <span class='ocr_line' id='line_1_27' title="bbox 264 3045 1332 3145; baseline 0.003 -24"><span class='ocrx_word' id='word_1_192' title='bbox 264 3064 433 3144; x_wconf 87' lang='lat' dir='ltr'>pertores</span> <span class='ocrx_word' id='word_1_193' title='bbox 456 3045 556 3119; x_wconf 87' lang='lat' dir='ltr'>causa</span> <span class='ocrx_word' id='word_1_194' title='bbox 575 3049 711 3145; x_wconf 90' lang='lat' dir='ltr'>agenda</span> <span class='ocrx_word' id='word_1_195' title='bbox 734 3048 803 3121; x_wconf 91' lang='lat' dir='ltr'>erit</span> <span class='ocrx_word' id='word_1_196' title='bbox 821 3062 950 3122; x_wconf 88' lang='lat' dir='ltr'>contra</span> <span class='ocrx_word' id='word_1_197' title='bbox 965 3048 1194 3124; x_wconf 77' lang='lat' dir='ltr'>Cecilianurri</span> <span class='ocrx_word' id='word_1_198' title='bbox 1212 3050 1246 3124; x_wconf 81' lang='lat' dir='ltr'>dt</span> <span class='ocrx_word' id='word_1_199' title='bbox 1262 3046 1293 3123; x_wconf 88' lang='lat' dir='ltr'><strong>F</strong></span> <span class='ocrx_word' id='word_1_200' title='bbox 1294 3071 1332 3125; x_wconf 84' lang='lat' dir='ltr'>e·</span> 
     </span>
     <span class='ocr_line' id='line_1_28' title="bbox 264 3147 1331 3245; baseline 0.001 -24"><span class='ocrx_word' id='word_1_201' title='bbox 264 3148 387 3236; x_wconf 90' lang='lat' dir='ltr'>licem,</span> <span class='ocrx_word' id='word_1_202' title='bbox 407 3150 467 3240; x_wconf 90' lang='lat' dir='ltr'>qui</span> <span class='ocrx_word' id='word_1_203' title='bbox 481 3147 719 3241; x_wconf 89' lang='lat' dir='ltr'>principatum</span> <span class='ocrx_word' id='word_1_204' title='bbox 736 3148 895 3240; x_wconf 80' lang='lat' dir='ltr'>ejusdem</span> <span class='ocrx_word' id='word_1_205' title='bbox 910 3150 997 3245; x_wconf 86' lang='lat' dir='ltr'>legis</span> <span class='ocrx_word' id='word_1_206' title='bbox 1015 3150 1135 3224; x_wconf 84' lang='lat' dir='ltr'>omnia</span> <span class='ocrx_word' id='word_1_207' title='bbox 1150 3162 1331 3223; x_wconf 83' lang='lat' dir='ltr'>conantur</span> 
     </span>
     <span class='ocr_line' id='line_1_29' title="bbox 262 3241 1387 3343; baseline 0.006 -23"><span class='ocrx_word' id='word_1_208' title='bbox 262 3246 447 3322; x_wconf 83' lang='lat' dir='ltr'>inuadere.</span> <span class='ocrx_word' id='word_1_209' title='bbox 503 3241 642 3322; x_wconf 86' lang='lat' dir='ltr'>Contra</span> <span class='ocrx_word' id='word_1_210' title='bbox 666 3244 760 3343; x_wconf 87' lang='lat' dir='ltr'>ipsos</span> <span class='ocrx_word' id='word_1_211' title='bbox 788 3246 1007 3322; x_wconf 88' lang='lat' dir='ltr'>documenta</span> <span class='ocrx_word' id='word_1_212' title='bbox 1035 3248 1222 3323; x_wconf 86' lang='lat' dir='ltr'>criminum</span> <span class='ocrx_word' id='word_1_213' title='bbox 1251 3250 1329 3341; x_wconf 73' lang='lat' dir='ltr'>eius</span> <span class='ocrx_word' id='word_1_214' title='bbox 1384 3241 1387 3247; x_wconf 67' lang='grc'><strong>’</strong></span> 
     </span>
     <span class='ocr_line' id='line_1_30' title="bbox 263 3337 1329 3440; baseline 0.003 -21"><span class='ocrx_word' id='word_1_215' title='bbox 263 3345 540 3436; x_wconf 83' lang='lat' dir='ltr'>conquiruntur.</span> <span class='ocrx_word' id='word_1_216' title='bbox 600 3346 696 3424; x_wconf 87' lang='lat' dir='ltr'>Nam</span> <span class='ocrx_word' id='word_1_217' title='bbox 728 3341 811 3421; x_wconf 79' lang='lat' dir='ltr'>cuin</span> <span class='ocrx_word' id='word_1_218' title='bbox 842 3343 1045 3440; x_wconf 86' lang='lat' dir='ltr'>persecutio</span> <span class='ocrx_word' id='word_1_219' title='bbox 1078 3337 1167 3424; x_wconf 78' lang='lat' dir='ltr'>esset</span> <span class='ocrx_word' id='word_1_220' title='bbox 1196 3345 1329 3423; x_wconf 74' lang='lat' dir='ltr'>inditia</span> 
     </span>
     <span class='ocr_line' id='line_1_31' title="bbox 262 3441 1381 3542; baseline 0.004 -24"><span class='ocrx_word' id='word_1_221' title='bbox 262 3443 503 3536; x_wconf 68' lang='lat' dir='ltr'>Christianis,</span> <span class='ocrx_word' id='word_1_222' title='bbox 537 3444 682 3539; x_wconf 85' lang='lat' dir='ltr'>idest,</span> <span class='ocrx_word' id='word_1_223' title='bbox 716 3461 759 3519; x_wconf 90' lang='lat' dir='ltr'>ut</span> <span class='ocrx_word' id='word_1_224' title='bbox 786 3441 1055 3542; x_wconf 85' lang='lat' dir='ltr'>sacrificarent,</span> <span class='ocrx_word' id='word_1_225' title='bbox 1097 3463 1328 3541; x_wconf 83' lang='lat' dir='ltr'>quascunque</span> <span class='ocrx_word' id='word_1_226' title='bbox 1368 3506 1381 3530; x_wconf 91' lang='lat'><strong>.</strong></span> 
     </span>
     <span class='ocr_line' id='line_1_32' title="bbox 262 3531 1407 3640; baseline 0.003 -23"><span class='ocrx_word' id='word_1_227' title='bbox 262 3541 454 3638; x_wconf 83' lang='lat' dir='ltr'>scripturas</span> <span class='ocrx_word' id='word_1_228' title='bbox 473 3544 667 3636; x_wconf 86' lang='lat' dir='ltr'>haberent,</span> <span class='ocrx_word' id='word_1_229' title='bbox 681 3547 864 3619; x_wconf 72' lang='lat' dir='ltr'>‘incendio</span> <span class='ocrx_word' id='word_1_230' title='bbox 885 3531 1090 3640; x_wconf 74' lang='lat' dir='ltr'>traderent,</span> <span class='ocrx_word' id='word_1_231' title='bbox 1116 3539 1240 3639; x_wconf 79' lang='lat' dir='ltr'>Felix,</span> <span class='ocrx_word' id='word_1_232' title='bbox 1266 3545 1329 3638; x_wconf 80' lang='lat' dir='ltr'>qui</span> <span class='ocrx_word' id='word_1_233' title='bbox 1405 3547 1407 3553; x_wconf 85' lang='grc'><strong>’</strong></span> 
     </span>
     <span class='ocr_line' id='line_1_33' title="bbox 264 3639 1378 3740; baseline 0.011 -26"><span class='ocrx_word' id='word_1_234' title='bbox 264 3655 352 3732; x_wconf 81' lang='lat' dir='ltr'>tune</span> <span class='ocrx_word' id='word_1_235' title='bbox 369 3642 569 3738; x_wconf 84' lang='lat' dir='ltr'>Episcopus</span> <span class='ocrx_word' id='word_1_236' title='bbox 584 3640 654 3716; x_wconf 87' lang='lat' dir='ltr'>suit</span> <span class='ocrx_word' id='word_1_237' title='bbox 668 3646 883 3740; x_wconf 85' lang='lat' dir='ltr'>Autumnis,</span> <span class='ocrx_word' id='word_1_238' title='bbox 910 3639 1118 3720; x_wconf 88' lang='lat' dir='ltr'>consensum</span> <span class='ocrx_word' id='word_1_239' title='bbox 1135 3645 1328 3740; x_wconf 88' lang='lat' dir='ltr'>adtulerat,</span> <span class='ocrx_word' id='word_1_240' title='bbox 1370 3721 1378 3726; x_wconf 89' lang='lat'>.</span> 
     </span>
     <span class='ocr_line' id='line_1_34' title="bbox 264 3739 1327 3844; baseline 0.008 -31"><span class='ocrx_word' id='word_1_241' title='bbox 264 3753 308 3813; x_wconf 87' lang='lat' dir='ltr'>ut</span> <span class='ocrx_word' id='word_1_242' title='bbox 333 3742 378 3817; x_wconf 83' lang='lat' dir='ltr'>ile</span> <span class='ocrx_word' id='word_1_243' title='bbox 402 3763 509 3818; x_wconf 91' lang='lat' dir='ltr'>manu</span> <span class='ocrx_word' id='word_1_244' title='bbox 535 3739 673 3820; x_wconf 74' lang='lat' dir='ltr'>Galatis,</span> <span class='ocrx_word' id='word_1_245' title='bbox 692 3742 1149 3839; x_wconf 77' lang='lat' dir='ltr'>scripturae,ttaderentur,</span> <span class='ocrx_word' id='word_1_246' title='bbox 1172 3757 1231 3820; x_wconf 68' lang='lat' dir='ltr'>ut</span> <span class='ocrx_word' id='word_1_247' title='bbox 1251 3743 1327 3844; x_wconf 84' lang='lat' dir='ltr'>igni</span> 
     </span>
     <span class='ocr_line' id='line_1_35' title="bbox 265 3837 1329 3944; baseline 0.005 -33"><span class='ocrx_word' id='word_1_248' title='bbox 265 3844 488 3918; x_wconf 82' lang='lat' dir='ltr'>concremati</span> <span class='ocrx_word' id='word_1_249' title='bbox 506 3837 668 3935; x_wconf 75' lang='lat' dir='ltr'>possent:</span> <span class='ocrx_word' id='word_1_250' title='bbox 694 3843 727 3916; x_wconf 85' lang='lat' dir='ltr'>dt</span> <span class='ocrx_word' id='word_1_251' title='bbox 746 3860 825 3917; x_wconf 87' lang='lat' dir='ltr'>erat</span> <span class='ocrx_word' id='word_1_252' title='bbox 845 3857 934 3917; x_wconf 87' lang='lat' dir='ltr'>tunc</span> <span class='ocrx_word' id='word_1_253' title='bbox 955 3849 1128 3941; x_wconf 85' lang='lat' dir='ltr'>temporis</span> <span class='ocrx_word' id='word_1_254' title='bbox 1151 3842 1329 3944; x_wconf 65' lang='lat' dir='ltr'>magistra-</span> 
     </span>
     <span class='ocr_line' id='line_1_36' title="bbox 265 3936 1329 4042; baseline 0.009 -32"><span class='ocrx_word' id='word_1_255' title='bbox 265 3938 456 4032; x_wconf 68' lang='lat' dir='ltr'>tuskAlfins</span> <span class='ocrx_word' id='word_1_256' title='bbox 472 3936 701 4037; x_wconf 73' lang='lat' dir='ltr'>Caedimus,</span> <span class='ocrx_word' id='word_1_257' title='bbox 728 3962 832 4035; x_wconf 85' lang='lat' dir='ltr'>quern</span> <span class='ocrx_word' id='word_1_258' title='bbox 848 3936 1055 4037; x_wconf 75' lang='lat' dir='ltr'>presentem</span> <span class='ocrx_word' id='word_1_259' title='bbox 1072 3940 1196 4020; x_wconf 87' lang='lat' dir='ltr'>videre</span> <span class='ocrx_word' id='word_1_260' title='bbox 1209 3949 1329 4042; x_wconf 86' lang='lat' dir='ltr'>digna·</span> 
     </span>
     <span class='ocr_line' id='line_1_37' title="bbox 262 4031 1327 4142; baseline 0.008 -29"><span class='ocrx_word' id='word_1_261' title='bbox 262 4039 325 4113; x_wconf 86' lang='lat' dir='ltr'>ris.</span> <span class='ocrx_word' id='word_1_262' title='bbox 374 4031 424 4114; x_wconf 80' lang='lat' dir='ltr'>Et</span> <span class='ocrx_word' id='word_1_263' title='bbox 442 4043 612 4134; x_wconf 88' lang='lat' dir='ltr'>quoniam</span> <span class='ocrx_word' id='word_1_264' title='bbox 627 4039 704 4138; x_wconf 75' lang='lat' dir='ltr'>eius</span> <span class='ocrx_word' id='word_1_265' title='bbox 718 4045 894 4142; x_wconf 87' lang='lat' dir='ltr'>temporis</span> <span class='ocrx_word' id='word_1_266' title='bbox 911 4033 1069 4124; x_wconf 86' lang='lat' dir='ltr'>officium</span> <span class='ocrx_word' id='word_1_267' title='bbox 1080 4045 1327 4141; x_wconf 78' lang='lat' dir='ltr'>incumbebat,</span> 
     </span>
     <span class='ocr_line' id='line_1_38' title="bbox 215 4138 1284 4238; baseline 0.014 -27"><span class='ocrx_word' id='word_1_268' title='bbox 215 4169 220 4182; x_wconf 78' lang='lat'>‚</span> <span class='ocrx_word' id='word_1_269' title='bbox 316 4138 685 4238; x_wconf 64' lang='lat' dir='ltr'>optatiafril&#39;oard.</span> <span class='ocrx_word' id='word_1_270' title='bbox 934 4143 970 4222; x_wconf 88' lang='lat' dir='ltr'>L</span> <span class='ocrx_word' id='word_1_271' title='bbox 1128 4224 1131 4230; x_wconf 80' lang='grc'><strong>,</strong></span> <span class='ocrx_word' id='word_1_272' title='bbox 1239 4153 1284 4222; x_wconf 85' lang='lat' dir='ltr'>ut</span> 
     </span>
    </p>
   </div>
   <div class='ocr_carea' id='block_1_3' title="bbox 0 0 1604 4784">
    <p class='ocr_par' dir='ltr' id='par_1_4' title="bbox 0 0 1604 4784">
     <span class='ocr_line' id='line_1_39' title="bbox 0 0 1604 4784; baseline 0 0"><span class='ocrx_word' id='word_1_273' title='bbox 0 0 1604 4784; x_wconf 95' lang='lat' dir='ltr'> </span> 
     </span>
    </p>
   </div>
  </div>
 </body>
</html>
