3200 4784
416 451 476 510 ne
503 423 909 505 Dounrtsnanunt
935 403 1192 508 Hrsromi.
1272 454 1337 529 147

275 605 396 667 tamen
416 591 565 666 debuisti
588 593 769 686 prohibita
788 606 1049 682 contemnere,
1076 591 1134 664 sed
1150 588 1342 666 observare

275 697 424 788 potius',
451 691 724 784 &nonfacere
749 706 878 764 contra
903 705 1120 783 preceptum
1145 692 1340 786 imperato-

273 795 372 868 rum.¹
420 791 467 863 Et
483 793 652 866 meditata
669 793 738 881 jam
757 787 817 862 diu
833 793 869 886 in
884 792 1106 884 Martyribus
1126 812 1242 886 voce,
1270 806 1339 865 ter·

273 912 397 964 rorem
414 889 481 965 sure
499 894 558 963 irae
577 890 801 976 commovit,
829 892 884 962 cui
901 909 975 963 non
994 893 1097 985 pigro
1113 903 1258 982 paretur
1273 894 1337 966 ob-

248 1009 251 1014 ·
272 990 419 1088 sequio.¹
469 990 563 1063 Nam
582 988 767 1062 carnifices
790 991 827 1061 in
847 989 956 1063 senile
979 1012 1112 1083 corpus
1132 989 1337 1083 Presbyteri

272 1107 408 1183 ruunt,
442 1090 476 1162 u
500 1089 671 1186 grassante
696 1093 818 1179 rabie,
849 1103 952 1180 rupta
975 1107 1174 1164 ursorum
1202 1111 1336 1164 conne-

271 1193 407 1280 xione,
435 1188 649 1282 discerpunt.
701 1185 964 1281 ingemiscenda
981 1189 1169 1282 supplicia,
1198 1187 1335 1261 &novi

273 1293 414 1386 generis
437 1293 473 1361 in
495 1289 725 1360 Sacerdotem
749 1287 817 1358 Dei
842 1283 1011 1378 exquisita
1031 1301 1213 1361 tormenta
1237 1290 1336 1360 vide·

271 1409 351 1476 res,
376 1387 468 1479 quast
486 1391 521 1460 in
539 1389 672 1481 pabulo
686 1387 875 1457 vulnerum
889 1385 990 1459 famis
1007 1388 1105 1461 rabie
1120 1386 1243 1459 saevire
1260 1407 1332 1460 car·

272 1486 423 1578 nifices,
451 1492 657 1578 apertisque
681 1483 897 1576 visceribus,
924 1484 968 1556 ad
994 1486 1185 1558 horrorem
1207 1487 1334 1580 viden·¹

271 1590 362 1661 tium
378 1591 472 1660 inter
489 1588 657 1659 ruborem
673 1581 870 1678 sanguinis,
892 1581 964 1655 olla
981 1586 1113 1658 nudata
1129 1585 1280 1679 pallere,
1300 1585 1334 1657 ἃ

265 1708 342 1761 mec
359 1691 451 1759 inter
470 1707 587 1759 moras
604 1687 871 1774 torquentium,
900 1682 1075 1758 exclusam
1088 1687 1236 1757 animam
1253 1705 1333 1766 cor·

271 1808 339 1878 pus
363 1785 536 1877 stupplicio
560 1783 741 1873 pendente
764 1780 936 1856 deserere.
991 1783 1121 1878 Attali
1140 1805 1236 1857 voce
1255 1784 1333 1858 Do·

272 1886 405 1955 minum
418 1883 610 1973 Presbyter
620 1884 850 1974 precabatur:
875 1883 984 1978 Rogo
1001 1900 1039 1954 te
1051 1881 1207 1975 Christe,
1227 1907 1332 1957 exau·

272 1983 320 2056 di.
382 1981 522 2052 Gratias
548 1983 616 2062 tibi¹
640 2003 737 2076 agn,
769 1983 881 2057 Deus.
942 1985 1034 2078 Jube
1061 2003 1119 2055 me
1145 1984 1329 2060 decoliari.

270 2081 380 2174 Rogo
396 2079 553 2165 Christe,
571 2081 746 2156 miserere.
791 2078 855 2152 Fili
874 2082 943 2154 Dei
961 2081 1118 2154 subveni.
1163 2080 1228 2154 Cui
1244 2083 1330 2155 Pro·

272 2179 416 2250 consul:
449 2183 571 2288 Quare
592 2196 720 2253 contra
739 2196 955 2274 praeceptum
973 2183 1058 2254 facis
1070 2181 1088 2254 ‘l
1100 2197 1102 2202 '
1115 2179 1164 2253 Et
1181 2183 1329 2274 Presby-

269 2293 346 2368 ter,
374 2277 450 2351 Lex
467 2281 513 2352 lrc
525 2282 651 2371 jubet,
677 2279 755 2352 Lex
772 2280 819 2353 fic
837 2283 965 2363 docet,
991 2283 1116 2371 inquit.
1168 2281 1203 2353 Ο
1222 2284 1328 2354 eulmi-

269 2379 379 2450 randa
404 2377 482 2450 satis
504 2401 544 2451 ac
562 2380 782 2470 praedicanda
804 2379 1007 2472 Presbyteri
1028 2379 1185 2462 dolloris
1206 2381 1328 2453 divina

267 2477 472 2569 responlio!
513 2479 644 2574 Legem
672 2477 903 2552 sanbliffimam
935 2483 1040 2552 etiam
1070 2482 1106 2551 in
1135 2482 1326 2551 tormentis

267 2576 463 2669 Presbyter
479 2579 667 2670 praedicat,
700 2597 767 2670 pro
787 2597 855 2668 qua
872 2581 1025 2650 libenter
1042 2577 1210 2668 supplicia
1232 2576 1326 2649 susti·

267 2677 388 2748 nebat
426 2678 530 2773 Legis
547 2677 700 2765 denique
717 2695 813 2746 voce
830 2676 1019 2747 deterritus
1034 2673 1227 2766 Anulinus,
1246 2676 1325 2749 Par-

267 2796 365 2865 cam,
386 2778 520 2866 inquit;
548 2793 700 2862 eumque
715 2774 749 2844 in
766 2773 961 2849 custodiam
978 2778 1127 2848 carceris
1143 2777 1323 2873 redigens,

265 2887 444 2965 exoptato
460 2874 633 2965 Supplicia
652 2871 850 2948 destinavit.

341 2997 374 3065 9.
404 2973 455 3042 At
482 2992 572 3044 uero
601 2968 763 3044 Emerito
787 2973 984 3066 applicito,
1017 2972 1056 3046 In
1082 2987 1184 3064 tuo,
1205 2974 1323 3064 inquit

263 3069 482 3160 Proconsul,
502 3073 613 3143 domo
627 3070 785 3144 colleb'tae
798 3071 897 3145 fallas
908 3067 990 3146 'sunt
1002 3079 1129 3147 contra
1145 3090 1322 3165 precepta

263 3169 552 3262 Imperatorum?
587 3171 654 3244 Cui
671 3169 848 3245 Emeritus
871 3171 1000 3247 Sentio
1020 3173 1152 3268 Spiritu
1175 3173 1320 3246 inundo·
1386 3193 1388 3197 ·

263 3284 345 3349 tus,
373 3269 537 3343 indomo
555 3293 658 3358 mea,
680 3273 816 3362 inquit,
841 3274 975 3364 egimus
991 3273 1219 3346 dominicum.
1266 3272 1320 3343 At

261 3371 344 3461 ille,
372 3369 493 3463 Quare
506 3373 757 3460 permittebas,
780 3374 848 3463 ait,
873 3374 955 3447 illos
971 3370 1132 3467 ingredi?
1157 3366 1318 3461 Respon-

263 3469 335 3540 dit:
364 3470 545 3565 Quoniam
563 3470 688 3542 fratres
708 3473 777 3543 mei
800 3467 880 3544 sunt
903 3473 935 3540 dt
958 3492 1033 3544 non
1054 3484 1217 3558 poteram
1236 3470 1317 3539 illos

263 3568 469 3662 prohibere.
526 3570 594 3639 Sed
620 3569 840 3662 prohibere,
875 3571 1017 3662 inquit,
1050 3570 1132 3640 illos
1157 3562 1316 3640 debuisti.

264 3665 317 3738 At
341 3669 424 3752 ille,
461 3665 549 3741 Non
574 3669 699 3762 potui,
727 3671 799 3758 air,
834 3670 1002 3758 qtroniam
1035 3667 1114 3741 lure*
1132 3667 1315 3738 dominico

264 3785 339 3838 non
361 3761 554 3858 portunus.
611 3766 735 3841 Statim
759 3769 865 3840 etiam
888 3766 1018 3861 ipsein
1041 3767 1196 3857 equuleo
1216 3766 1317 3856 jube

265 3877 324 3932 tur
345 3867 510 3958 extendi,
537 3863 771 3960 extensusque
790 3869 923 3941 vexari.
950 3925 952 3930 .
977 3867 1050 3965 Qui
1072 3867 1152 3964 c'um
1175 3864 1315 3942 validos

263 3958 355 4061 illus
364 3965 543 4039 innovato
560 3962 727 4058 carnifice
742 3979 942 4056 pateretur,
959 3965 1166 4062 Rognyait,
1179 3947 1316 4038 curule

258 4056 437 4140 subveni·
474 4064 612 4142 Contra
628 4079 843 4238 praecepttlrzm
861 4065 928 4140 Dei
940 4063 1126 4161 ificitu,···e
1142 4051 1329 4230 irrlelpicess'.¹

311 4191 323 4212 ⁴·
389 4199 392 4204 ·
853 4187 872 4238 2
1030 4175 1034 4182 '
1236 4173 1266 4231 ,t
