3200 4784
514 413 663 498 '128
876 375 885 382 ¹
1062 400 1533 497 {Licinum
1601 413 2080 496 Quasnam.
2556 431 2594 494 -ὰ

516 570 931 656 incendium
963 561 1260 656 darent,
1314 564 1383 637 δι
1418 567 1519 637 ita
1562 564 1894 639 universa
1937 565 2282 668 scriptura
2317 561 2478 641 data
2522 557 2649 656 est,

517 691 605 752 ut
636 693 816 768 apex
847 687 1029 754 unus
1059 669 1136 739 in
1168 667 1409 756 aliquo
1442 667 1635 738 libro
1667 665 1958 738 minime
1990 664 2436 741 remanfiss‘et.
2533 669 2652 739 De

517 773 779 874 Judaeis
823 770 949 842 illo
987 775 1318 857 tempere
1360 783 1579 838 nemo
1617 763 1985 836 damnatus
2035 764 2179 856 est,
2232 786 2369 838 nec
2409 788 2448 838 a
2482 766 2654 837 Deo

516 875 643 949 vel
697 873 785 944 ab
828 868 1068 957 aliquo
1108 865 1368 958 angelo
1411 865 1487 935 in
1536 881 1957 962 quemquam
1997 864 2317 956 Judaeum
2367 865 2468 937 est
2513 866 2655 937 ulla

519 969 705 1050 dicta
741 966 1135 1066 sententia,
1204 964 1367 1054 quia
1411 976 1790 1056 peccatum
1843 962 2078 1034 fuerat
2126 966 2537 1055 imperantis
2588 965 2657 1035 &t

506 1069 897 1156 minantis,
947 1080 1103 1137 non
1131 1063 1383 1155 populi
1422 1073 1939 1154 cumtremore
1974 1063 2040 1133 ἂ
2075 1061 2338 1134 dolore
2376 1065 2661 1136 traden-

520 1176 638 1247 tis.
729 1163 877 1263 Qui
910 1159 1322 1236 Antiochus
1361 1179 1453 1232 ne
1490 1161 1754 1250 aliquid
1793 1162 2166 1253 primitivo
2206 1165 2487 1255 populo
2525 1184 2662 1233 no·

522 1268 738 1355 cuiss'e
771 1261 1183 1352 videretur,
1233 1259 1461 1333 statim
1496 1258 1820 1352 providit
1860 1259 2104 1350 Deu8‚
2160 1277 2241 1332 ut
2278 1277 2407 1352 per
2439 1283 2659 1340 unum

505 1369 892 1448 hominem
926 1360 1263 1448 Esdram,
1300 1362 1419 1449 qui
1450 1353 1679 1430 lector
1715 1360 1975 1432 eodem
2011 1372 2343 1453 tempore
2379 1361 2660 1433 diceba-

490 1473 672 1560 ²tur.,
714 1479 874 1539 tota
911 1463 1029 1535 lex
1062 1455 1239 1534 ficut
1277 1471 1489 1530 antea
1521 1457 1784 1549 fuerat,
1820 1459 1905 1530 ad
1941 1460 2213 1551 apicem
2253 1450 2657 1534 dictaretur.

520 1570 641 1644 Sic
676 1577 1025 1658 tyrannus
1067 1559 1476 1631 Antiochus
1527 1555 1828 1629 fruEtum
1867 1559 2318 1652 malignitatis
2363 1560 2494 1629 suae
2535 1561 2657 1632 ha-

504 1671 698 1745 ·bere
733 1681 887 1736 non
915 1660 1199 1754 potuit,
1252 1658 1415 1728 dum
1448 1669 1710 1747 praeter
1743 1653 2011 1748 septem
2049 1656 2302 1730 fratres
2335 1658 2399 1728 δι
2435 1679 2657 1733 unum

504 1769 877 1844 seniorem
944 1776 1229 1832 carnem
1294 1754 1559 1828 suillam
1625 1757 2057 1829 manducare
2125 1756 2603 1829 detrectantes
2626 1810 2653 1850 ,

523 1869 794 1950 nullum
846 1859 1163 1955 Judaeum
1216 1855 1538 1946 occidit,
1608 1856 1676 1927 ἃ.
1727 1857 1843 1928 lex
1897 1857 2132 1947 perire
2181 1877 2334 1928 non
2388 1859 2655 1948 potuit.

514 1967 644 2040 'Sic
677 1965 740 2036 δι
769 1971 1102 2054 parentes
1131 1952 1343 2028 vestri
1373 1967 1707 2045 tempore
1742 1953 1868 2027 suo
1899 1974 2035 2026 nec
2062 1954 2186 2047 ips1
2220 1956 2428 2027 occis]
2465 1954 2651 2048 sunt,

524 2065 595 2139 &
628 2066 787 2137 libri
820 2060 996 2153 legis
1027 2055 1401 2129 dominicae
1439 2056 1578 2124 toti
1619 2055 1884 2144 ubique
1916 2056 2327 2127 recitantur.
2432 2054 2498 2125 Si
2534 2074 2654 2145 pa-

522 2179 768 2239 rentes
794 2156 1042 2245 vestri,
1077 2167 1160 2227 ut
1184 2150 1386 2246 supra
1416 2153 1585 2241 dixi,
1620 2153 1770 2224 haec
1800 2153 2147 2244 dicerent,
2194 2154 2346 2243 quis
2374 2154 2553 2224 illos·
2577 2157 2653 2227 in

520 2264 713 2342 suam
758 2254 1351 2331 communionem
1405 2271 1555 2323 non
1603 2251 1961 2342 intrepide
2007 2250 2429 2345 accepiss'et‚
2495 2255 2651 2346 ubi,

506 2377 609 2441 ‘ut
640 2357 901 2437 dietum
931 2354 1071 2444 est,
1110 2363 1545 2450 peccaverat
1577 2351 1946 2428 neceffitas
1977 2373 2128 2426 non
2164 2350 2566 2429 voluntas?

1473 2505 1698 2584 Τέντίο

619 2692 626 2704 ·
667 2663 864 2739 Inter
894 2657 1166 2738 verba}
1228 2653 1354 2725 Sed
1387 2647 1707 2750 Principes
1733 2649 1964 2750 vestri,
2015 2661 2230 2739 atque
2264 2651 2452 2723 haec:
2506 2652 2648 2720 Nee

522 2792 650 2839 ,33
690 2779 693 2782 “
726 2791 798 2835 ex
826 2779 954 2845 iarn
986 2775 1214 2827 fantus
1286 2807 1302 2823 .
1334 2775 1394 2823 2.
1478 2775 1582 2843 3.
1619 2779 1643 2827 1
1667 2775 1771 2827 m.
1807 2754 1923 2842 lit),
2011 2754 2227 2843 ,33113
2267 2748 2403 2819 est:
2459 2747 2643 2823 Nam
