3200 4784
528 354 651 474 '22
776 385 783 389 ’
1268 389 1659 467 Ovum-1
1736 389 1970 468 Arar

560 554 717 630 Ut
707 577 789 650 ap
794 552 891 636 ud
928 573 1070 642 vos
1109 550 1246 625 effe
1279 553 1531 662 postit,
1584 555 1656 625 in
1699 552 1941 634 Ponto
1967 600 1986 633 ,
2041 549 2360 643 Galatia,
2415 550 2695 647 Cappa·

565 658 825 743 docia
878 652 1305 743 Pamphilia
1359 652 1708 746 Phrygia,
1761 649 2054 742 Cilicia,
2112 653 2225 725 &
2206 675 2277 724 in
2316 655 2537 725 tribus
2567 654 2697 747 Sy·

564 757 725 836 riis,
782 757 846 825 &
883 755 953 825 in
1001 754 1281 824 duabus
1307 748 1717 843 Armeniis,
1771 751 1838 823 ἃ
1882 754 1955 825 in
1995 767 2152 824 tota
2193 750 2568 847 AEgyptO,
2623 753 2697 825 δι

565 856 640 928 in
672 854 1235 943 Mesopotamia
1310 853 1431 922 ubi
1481 871 1623 922 vos
1673 872 1826 924 non
1885 851 2086 944 estis,
2139 874 2290 924 non
2337 850 2529 924 erit?
2599 849 2697 925 Et

566 947 698 1047 per
729 968 846 1024 tot
884 950 1430 1025 innumerabiles
1467 948 1766 1043 insulas,
1819 950 1886 1024 &
1923 966 2212 1024 caeteras
2247 953 2695 1045 provincias,

571 1075 723 1144 quae
751 1054 1113 1125 numerari
1160 1051 1283 1122 vix
1325 1047 1656 1163 possunt,
1727 1052 1847 1122 ubi
1895 1073 2033 1124 vos
2083 1072 2237 1124 non
2292 1049 2488 1165 estis,
2540 1063 2708 1126 non

492 1161 504 1176 “
569 1152 764 1230 erit?
854 1150 1000 1223 Ubi
1054 1170 1224 1242 ergo
1274 1151 1675 1242 proprietas
1718 1148 2077 1222 Catholici
2121 1152 2472 1240 nominis,
2527 1171 2701 1224 cum

569 1253 736 1326 inde
770 1250 969 1323 dicta
987 1249 1069 1321 sit
1105 1249 1522 1339 Catholica‚
1591 1249 1790 1340 quod
1841 1249 1924 1322 fit
1971 1251 2412 1321 rationabilis
2446 1203 2703 1322 ’daubi-
2760 1295 2774 1302 -

574 1372 714 1441 que
755 1348 1059 1436 diffusa?
1122 1348 1307 1421 Nam
1348 1348 1395 1420 fi
1444 1346 1539 1421 fic
1581 1368 1720 1440 pro
1773 1345 2157 1421 voluntate
2201 1349 2485 1421 vestra
2467 1369 2536 1421 m
2576 1371 2700 1421 an-

573 1449 847 1546 gustum
902 1446 1272 1520 coarctatis
1326 1446 1745 1522 Ecclesiam.
1810 1446 1855 1520 s]
1898 1446 2266 1520 universas
2310 1450 2701 1520 subducitis
2791 1538 2796 1544 ι

573 1566 870 1646 gente3‚
934 1549 1052 1618 ubi
1095 1550 1230 1618 erit
1262 1547 1475 1633 illud,
1539 1548 1733 1637 quod
1773 1545 1956 1619 filius
2005 1547 2139 1619 Dei
2183 1546 2494 1621 meruit?
2549 1533 2701 1619 Ubi

576 1651 758 1739 erit,
815 1646 1010 1738 quod
1053 1647 1358 1719 libenter
1395 1648 1456 1717 ei
1495 1647 1785 1741 largitus
1826 1646 1923 1724 est
1957 1646 2216 1739 Pater,
2270 1648 2342 1719 in
2383 1646 2702 1722 fecundo

574 1748 843 1841 psplmo
886 1746 1183 1834 dicem,
1242 1745 1418 1815 Dabo
1465 1745 1581 1815 tibi
1618 1763 1835 1837 gemes
1882 1749 2309 1817 hereditatem
2348 1764 2567 1828 tuam,
2622 1744 2702 1821 θ’

569 1846 726 1942 pcff
698 1843 806 1936 ff
782 1870 981 1917 onem
1020 1862 1192 1914 tuam
1231 1853 1573 1915 terrminos
1610 1863 1823 1918 terr.ae
1815 1842 1847 1899 ἶ
1913 1845 2023 1917 Ut
2060 1845 2227 1937 quid
2276 1848 2417 1917 tale
2455 1845 2707 1918 infrin-

575 1948 737 2044 gitis
780 1944 1228 2038 promissum,
1297 1959 1378 2016 ut
1414 1968 1451 2016 a
1487 1947 1703 2017 vobis
1751 1948 2074 2017 mittatur
2113 1947 2297 2036 quasi
2347 1948 2417 2017 in
2462 1966 2708 2058 quem-

501 2132 507 2138 ,
576 2048 734 2118 dam
792 2065 1146 2117 carcerem
1195 2045 1504 2115 latitudo
1554 2043 1995 2135 regnorum?
2063 2046 2256 2141 Quid
2307 2060 2518 2122 tantae
2556 2046 2707 2135 pie-

524 2211 533 2228 .,
576 2161 679 2217 tat
691 2146 706 2215 i
747 2143 1028 2217 obstare
1069 2141 1566 2222 contenditis?
1612 2146 1807 2238 Quid
1848 2158 2102 2215 contra
2140 2146 2529 2216 salvatoris
2562 2165 2711 2216 rne-

575 2246 713 2317 rita
771 2241 1147 2316 militatis?
1231 2239 1898 2316 Permittite.fi:ium
1949 2242 2297 2334 poffidere
2350 2241 2709 2319 concess'a.

579 2344 985 2416 Permittite
1019 2342 1198 2434 patri
1234 2342 1988 2438 prorniss'assomplere.
2089 2339 2236 2412 Cur
2265 2338 2532 2432 ponitis
2564 2363 2712 2413 mc·

581 2442 746 2516 tas?
804 2443 948 2512 Cur
984 2438 1198 2535 figitis
1228 2441 1540 2515 limites?
1659 2464 1776 2514 um
1817 2464 1853 2513 a
1896 2441 2061 2514 Deo
2114 2459 2316 2534 patre
2348 2441 2714 2516 salvatori

437 2595 455 2611 ,
550 2557 742 2616 ·tota
792 2563 981 2614 terra
1036 2541 1363 2634 promiffa
1404 2543 1532 2633 sit,
1638 2562 1736 2611 on
1787 2541 1888 2613 est
1939 2542 2317 2631 quidquam
2360 2542 2431 2614 in
2479 2544 2715 2632 aliqua

449 2691 461 2713 .
504 2695 521 2716 .
581 2659 788 2734 parte
834 2657 1181 2713 terrarum
1225 2641 1417 2730 quod
1468 2663 1505 2712 a
1552 2639 1974 2733 poffeffione
2028 2642 2176 2732 ejus
2228 2640 2557 2711 videatur
2593 2661 2714 2710 ex-

588 2753 874 2832 uet-tiam
1000 2740 1198 2811 Tuta
1234 2739 1330 2811 est.
1370 2742 1634 2811 donata
1666 2754 1855 2811 terra
1891 2763 2043 2811 curn
2083 2739 2447 2831 gentibue-3
2507 2753 2715 2811 totus
