3200 4784
1216 451 1320 516 xm

326 598 433 690 lude
446 594 648 716 digressus
664 593 773 684 aedes'
789 595 922 709 petis?
935 601 937 606 ’
950 605 1181 686 romano'te
1198 623 1318 692 more

241 715 307 803 ibi
333 715 707 826 viveteputabis„
749 716 1049 799 Vitruvianum
1081 715 1219 802 stilum
1244 747 1318 832 gu·

241 825 639 944 stumque&foti5‚
671 829 874 929 otiatus,
906 824 1207 938 deprehendes:
1250 839 1318 918 tri·

241 943 366 1030 clinia
384 943 590 1054 columnis
607 939 809 1028 distineha:
841 941 1029 1024 cubicula
1047 942 1215 1047 tabuiis,
1235 949 1317 1032 Ro·

239 1085 472 1146 manorum
506 1057 594 1142 stilo
627 1053 777 1165 putu,
810 1057 851 1141 δι
877 1059 1054 1167 antiquis
1081 1083 1133 1139 ex
1158 1087 1248 1144 aete
1273 1061 1345 1150 δι.

241 1198 458 1260 marmore
482 1172 620 1255 statuis
649 1193 810 1254 oruata:
851 1173 1032 1254 intimius
1060 1170 1316 1278 cubiculum,

243 1285 366 1398 quod
384 1286 426 1369 u
444 1283 695 1370 bibliotheca
711 1285 788 1382 est,
816 1283 1105 1393 pretiohffimis
1120 1284 1237 1370 libris
1261 1291 1318 1371 in·

242 1397 473 1486 structum:
510 1399 554 1483 81
577 1425 756 1482 vacuum
775 1396 827 1480 ab
847 1397 911 1481 his
928 1402 969 1481 in
989 1400 1215 1506 parietibus
1238 1399 1318 1512 ipa·

242 1512 367 1616 tium,
386 1513 718 1624 pinacothecam,
738 1538 831 1623 quae
850 1515 1087 1622 principum
1107 1516 1149 1596 in
1196 1519 1318 1600 uovis

244 1627 508 1714 scientiarum
524 1651 676 1739 genere
695 1627 885 1710 virorum
903 1629 1102 1739 imagines
1120 1541 1263 1716 rehu.

334 1741 505 1852 Nequid
521 1769 573 1824 ex
587 1739 757 1852 reliquis
774 1740 889 1823 orbis
911 1763 1115 1826 terrarum
1132 1743 1320 1853 partibus

242 1853 367 1956 defit,
388 1857 458 1938 est
482 1859 524 1937 iu
552 1879 736 1938 extrema
758 1851 862 1937 villae
882 1879 1015 1964 parte,
1047 1860 1190 1978 quain
1214 1885 1320 1942 cam·
1368 1905 1375 1924 .

192 1981 195 1988 '
238 1995 324 2082 pos
348 1968 511 2068 definit,
551 1993 696 2067 mur0,
737 1993 824 2078 quo
850 1971 1052 2080 cingitur,
1092 1969 1321 2056 ambulatio

239 2079 414 2194 injebia,
445 2083 489 2184 &
515 2107 589 2192 pet·
608 2085 732 2180 vites··‚
767 2109 860 2193 quae
893 2083 1088 2166 umbram
1118 2081 1239 2187 dent,
1270 2113 1321 2170 eo

193 2239 196 2304 i
238 2195 373 2282 modo
405 2193 530 2296 teba,
575 2223 704 2308 quem
730 2197 774 2278 in
804 2221 903 2306 agro
936 2196 1213 2312 Neapolitano
1243 2193 1322 2284 fre·

193 2311 195 2413 j
239 2333 448 2512 quentem
465 2313 508 2392 in
524 2312 676 2410 vinee,
707 2311 750 2394 δι
770 2337 856 2392 cam
863 2310 1065 2420 pestribus
1089 2311 1245 2400 adibus
1264 2316 1322 2400 vi·

268 2449 329 2510 es.
392 2419 494 2510 Hssaec
518 2426 561 2506 in
588 2427 861 2507 coemtionem
883 2423 1015 2524 ducit,
1050 2425 1127 2509 ubi
1144 2430 1263 2512 variis
1280 2429 1322 2509 in

193 2605 196 2612 .
240 2541 431 2624 armariis
456 2563 521 2620 res
547 2565 599 2620 ex
617 2533 786 2637 hftica,
819 2537 861 2620 81
888 2541 1032 2650 quinta
1057 2541 1181 2623 etiam
1206 2539 1323 2624 orbis

240 2654 452 2763 terraquei
475 2675 611 2761 parte,
650 2678 702 2734 ex
717 2650 910 2734 Tabitina
931 2647 1154 2759 prasertim
1181 2651 1322 2754 insula,

239 2764 448 2866 advecta,
469 2792 600 2868 arma,
626 2765 777 2864 vesica,
802 2761 988 2848 mundus
1005 2762 1322 2856 muliebris·&c.

201 2879 510 2980 asservantur.
1413 2883 1415 2888 '

202 2990 205 3006 ²
338 2995 400 3078 Ut
434 2993 575 3101 paucis
607 3014 754 3074 omnes
786 2983 889 3075 villae
920 2987 1216 3091 Woerlicianae‚
1254 2993 1324 3082 vel

238 3105 501 3203 Franciscei‚
541 3129 588 3188 ut
623 3131 849 3208 vocarem,
889 3113 1179 3218 praerogativas
1211 3137 1323 3197 com·

235 3219 422 3336 plectar,
453 3245 499 3301 ea
515 3221 573 3304 est
589 3221 847 3320 conditione,
881 3243 927 3304 ut
946 3219 1039 3329 ejus
1059 3249 1232 3308 ornatus
1251 3251 1324 3310 no-

235 3341 389 3437 vitate,
425 3355 551 3444 atque
579 3338 693 3444 copia
720 3332 945 3418 delebiatus
969 3359 1178 3447 nusquam
1204 3340 1323 3423 rusti·

208 3453 350 3552 *ceth
381 3473 587 3557 nusquam
609 3449 813 3548 habitare,
847 3473 1056 3558 nusquam
1075 3453 1223 3562 geni0,
1256 3478 1325 3536 ne·

238 3591 329 3678 que
353 3565 479 3646 animi
501 3562 685 3644 motibus
702 3555 924 3672 indulgere
943 3561 1073 3647 malis.
1136 3566 1323 3674 Quicun-

237 3705 328 3794 que
349 3667 428 3760 erit
451 3676 575 3757 animi
593 3674 777 3774 habitus,
810 3698 1100 3784 opportunum
1122 3676 1190 3761 illa
1206 3702 1325 3792 para·

208 3817 428 3904 ,tumque
458 3784 645 3888 affectui,
682 3791 753 3900 qui
784 3787 954 3898 peccius
985 3797 1229 3899 occupavit,
1264 3793 1323 3878 lo·

209 3934 343 3994 ¹cum
377 3901 512 3990 offert.
570 3901 698 4014 Juvat
733 3901 837 3986 iliud
876 3905 987 3987 iners
1016 3901 1218 4017 quidem,
1257 3903 1322 4014 ju·

236 4019 435 4116 cundum
463 4041 625 4108 tamen:
656 4011 775 4102 Nihil
809 4016 957 4126 agere?
998 4015 1116 4108 iubet
1145 4017 1322 4131 philoso-

196 4187 223 4474 p
788 4127 818 4216 d
1119 4134 1260 4247 phari,
1384 4227 1393 4234 ,
