3200 4784
381 459 444 520 ne
469 434 860 518 Donarmnaum
882 408 1130 517 lircronra.
1227 462 1303 545 479

235 602 336 680 circo
356 615 479 685 utrum
497 626 542 677 err
564 600 746 677 communi
769 598 943 674 consensu
960 598 1097 674 differri
1112 605 1303 698 nogotium

213 710 390 802 placeat,
406 706 602 780 intimetur.
638 704 836 799 Aburruque
846 716 938 797 porro
951 699 1071 772 ditium
1084 701 1143 801 esi:
1164 700 1302 801 Placet,

230 807 405 898 quoniam
420 801 483 877 iste
498 804 574 875 dies
588 802 733 876 videtur
744 799 916 889 emensus.
944 801 1113 874 Nobilitas
1126 818 1183 874 rua
1194 806 1280 879 dixit
1286 833 1302 897 ‚-

213 904 277 981 *ln
300 925 406 996 quem
423 903 524 976 diem
549 903 627 976 haec
649 899 721 996 ipsa
745 892 1080 992 comperendinatio
1101 897 1303 1003 differatur,

231 1024 315 1100 pars
337 1021 490 1094 utraque
515 1001 686 1096 defignet.
714 1032 717 1051 =
746 1004 881 1097 Alypius
903 1002 1067 1098 Episcopus
1087 1003 1222 1099 Ecclesia
1242 1010 1302 1079 Cu·

233 1107 357 1178 ciuiisae
387 1107 499 1176 dixit.-
541 1099 643 1174 Sicut
669 1097 786 1173 edisio
813 1099 984 1174 nobilitas
1011 1116 1072 1174 tua
1096 1100 1304 1200 praesctipsst

234 1203 390 1277 crastino
410 1200 608 1275 intermisso
627 1214 779 1296 propter
798 1195 1003 1301 schedarum
1025 1199 1304 1296 descriptionem

231 1301 429 1397 perendie,
461 1300 694 1394 srptaecipis,
730 1298 973 1377 observamus.
1022 1305 1200 1374 adeodatus
1223 1308 1304 1403 Epi

227 1410 336 1499 iupus
360 1404 468 1472 dixis:
503 1398 620 1474 Etiam
647 1419 716 1471 nos
745 1398 1008 1492 consentimus,
1037 1414 1081 1474 ut
1099 1405 1302 1499 perendino

232 1505 292 1578 die
312 1503 498 1598 negotium
518 1512 717 1594 peragatur.
767 1496 960 1573 Sublimitas·
975 1515 1035 1571 tua
1059 1504 1166 1576 iixirs
1200 1504 1303 1578 Sicut

231 1604 395 1700 partibus
416 1601 570 1694 placuit,
596 1596 799 1695 perendino
824 1599 881 1673 die
898 1590 1088 1699 negotium
1102 1616 1303 1696 repetetur.

235 1706 285 1777 Et
303 1727 371 1772 cum
389 1696 564 1791 rcciiuffe1‚

310 1825 369 1898 60.
397 1821 610 1893 Marcellinus
628 1822 686 1888 vir
700 1809 886 1908 clari'ffimui
906 1804 1072 1890 Uibuniis
1086 1819 1127 1897 δ’
1142 1822 1304 1896 Miserius

233 1922 348 1994 dixit:
381 1916 626 2010 Utrarumque
647 1919 800 2011 partium
826 1914 1044 2011 profeffione
1069 1920 1305 2001 monstratum

231 2022 308 2114 est,
335 2021 372 2094 in
390 2022 486 2093 hunc
502 2021 595 2092 diem
612 2016 861 2114 cognitionem
878 2014 980 2094 fuisse
998 2019 1164 2118 dilatam,
1191 2025 1242 2098 ita
1260 2034 1305 2099 ut

232 2122 346 2207 hodie
360 2122 547 2218 negotium
561 2116 784 2193 traderetur.
1064 2206 1067 2211 Ι
1150 2196 1155 2207 ‚
1353 2187 1356 2191 ,

309 2245 369 2316 61.
401 2242 579 2313 Periiiuuus
594 2239 758 2335 Episcopus
774 2238 880 2311 diuite
906 2233 942 2315 Si
957 2237 1191 2333 perfecerunt
1206 2237 1305 2339 gesta

233 2356 478 2434 exceptores,
504 2355 640 2436 agatur.
669 2337 717 2410 Et
732 2337 798 2410 aiiu
813 2361 921 2415 manu.
956 2339 1011 2413 Ut
1027 2334 1140 2434 supra't.

311 2464 521 2534 Murredium
541 2465 600 2529 vir
620 2452 814 2548 ciariffimus
837 2450 1059 2533 Tribunus&
1077 2458 1236 2533 Notarius
1255 2461 1306 2533 tii.

233 2566 306 2635 xit:
341 2562 446 2635 Licet
471 2554 687 2649 apertiffimia
713 2556 823 2626 fuerit
846 2553 1124 2648 proseisronibua
1151 2561 1306 2658 defigna·

234 2675 334 2750 tum,
367 2663 404 2731 in
431 2677 536 2748 quem
560 2658 652 2728 diem
678 2652 824 2725 dilatum
849 2652 937 2727 esset
955 2656 1151 2751 iudicium,
1182 2673 1305 2737 tamen

201 2796 207 2803 -
234 2780 284 2834 ne
304 2758 387 2848 quid
406 2757 438 2828 ei
462 2755 576 2846 parti,
604 2771 681 2842 quae
697 2752 907 2826 dilationem
929 2752 1107 2853 postulat,
1133 2777 1305 2858 negatum

235 2855 306 2930 esse
324 2857 512 2943 videatur,
540 2844 704 2948 cognitio
722 2846 931 2933 differetur,
964 2853 1015 2929 ita
1031 2872 1074 2933 ut
1099 2857 1239 2952 edicat,
1263 2861 1308 2936 in-

236 2976 342 3050 quem
361 2955 455 3028 diem
474 2954 602 3026 debeat
619 2950 790 3042 judicium
808 2952 994 3044 protelari,
1059 3016 1065 3025 ,

316 3077 492 3148 Petiliunus
500 3074 661 3169 Episcopus
669 3073 776 3141 dixit:
798 3068 934 3144 Dicant
946 3089 1176 3170 exceptorem
1194 3097 1305 3171 quan·

237 3176 285 3257 do
300 3174 429 3247 edituri
447 3172 526 3246 sunt
543 3170 648 3269 gesta.
678 3173 800 3243 Eruiiu
812 3196 919 3244 mauu.
946 3174 1140 3253 Petilianua
1156 3177 1311 3273 Episco·.

235 3294 302 3368 pus
319 3273 534 3370 recognovi.
581 3274 793 3344 Marceiiuus
812 3279 867 3341 uir
883 3270 1073 3367 ciuriffimus
1087 3266 1250 3351 Tribunus
1263 3278 1310 3357 θ’

236 3376 395 3446 Nurssius
414 3377 518 3444 dixit:
544 3369 797 3465 Exceptores,
827 3372 970 3463 quando
988 3371 1132 3468 possunt
1148 3378 1184 3451 in
1206 3377 1311 3469 scheq

236 3474 289 3546 dis
306 3471 401 3568 gesta
417 3470 615 3564 conscribi,
643 3470 832 3559 &edenda
850 3475 1045 3568 compteri,
1072 3478 1215 3551 edicere
1228 3494 1306 3554 non
1377 3496 1380 3511 ¹

235 3586 436 3649 morentur.
484 3573 623 3642 Hilarus
639 3589 781 3666 exceptus
795 3572 901 3643 dixis:
924 3572 1028 3645 Sicut*
1041 3574 1230 3651 consensus
1246 3594 1312 3652 ac·

238 3672 332 3748 eeffit
349 3686 581 3762 utrarumque
599 3672 774 3763 partium,
809 3670 893 3747 dum
920 3674 958 3744 iu
981 3673 1110 3748 scheda
1136 3674 1312 3769 prosecu«

235 3774 355 3845 tiones
380 3770 457 3846 suas
482 3768 766 3862 subscripserint,
798 3781 886 3845 tunc
909 3772 1052 3848 demum
1076 3774 1171 3852 diem
1195 3778 1305 3864 edem

237 3873 367 3945 dorum
386 3869 566 3968 gestorum
583 3863 764 3962 possumus
779 3871 933 3946 edicere.

318 3993 531 4063 Mercedibus-
549 3995 606 4062 vir
623 3982 813 4080 ciariffimus
836 3978 999 4062 iiiiurus
1014 3983 1054 4067 (ὅ
1069 3993 1231 4079 librarius
1254 3997 1312 4065 diu

236 4091 313 4162 xit:
348 4086 497 4193 Petinus
518 4090 630 4169 hodia
651 4090 791 4171 scheda
811 4089 874 4165 vel
896 4091 941 4165 ab
966 4082 1090 4173 officio
1112 4092 1322 4252 ωωῆζῗρη
