3200 4784
280 368 286 374 ³
380 471 383 476 ⁴
478 351 1014 474 'tLruuurecuunua
1141 437 1144 444 ·
1282 419 1329 496 η

221 577 223 586 ·
261 550 341 650 dia:
376 557 484 632 &ne
507 557 647 652 regredi
674 557 717 650 ad
743 559 893 630 meliora
916 555 1140 650 potuissent,
1173 559 1244 644 ipsr¹
1265 559 1330 634 fibi

261 659 456 734 schismatis
473 659 667 750 compedes
683 655 903 752 posuerunt,
924 659 1015 729 utin
1031 679 1154 732 errore
1171 655 1233 730 suo
1250 682 1329 753 per·
1377 683 1383 694 ·

262 762 433 834 tinacitar
456 758 611 849 starent,
645 779 691 830 ne
715 757 758 828 ad
778 777 927 849 pacem,
962 778 1065 848 quam
1087 758 1329 853 deseruerant,

221 859 226 866 '
261 861 400 931 reverti
421 857 624 948 potuissent.
660 855 741 929 Nec
757 856 1128 950 audieruntSpiritum
1147 859 1329 952 sanetum,

262 960 444 1032 dicentem
464 961 501 1030 in
519 957 654 1028 Psalmo
676 956 853 1030 tricesimo
870 959 1005 1027 tertio:
1042 960 1180 1028 Diverre
1197 989 1216 1028 a
1235 963 1328 1048 mala,

221 1089 225 1100 ·
262 1059 374 1142 &saa
389 1059 522 1142 bouum,
550 1063 678 1151 inquire
693 1078 813 1150 pacem,
840 1061 878 1130 (5
887 1057 1012 1152 sequere
1028 1081 1112 1130 eam:
1139 1057 1207 1128 Sed
1225 1058 1330 1133 stete·

262 1173 350 1230 runt
376 1160 413 1228 in
434 1161 493 1228 via
513 1173 745 1246 peccatorum
763 1153 917 1227 suorum.
970 1156 1148 1228 sederunt
1167 1159 1271 1228 etiam
1290 1164 1329 1251 iu

264 1256 436 1330 cathedra
448 1255 670 1354 pestilentiae,
694 1275 770 1344 quae
786 1251 961 1348 (utsupra
977 1249 1149 1352 diximus)
1167 1255 1330 1332 scduclor
1387 1269 1391 1280 '

259 1359 377 1436 mittit
399 1356 442 1428 ad
460 1372 627 1429 mortem.
680 1352 750 1424 Sed
774 1355 806 1423 dc
829 1355 910 1426 dum
932 1376 1001 1425 vos
1023 1373 1207 1444 parentum
1230 1377 1332 1427 erro·

263 1477 341 1530 rem
360 1458 522 1528 colentes
540 1450 693 1526 studiose
710 1452 920 1542 defenditis,
937 1453 1093 1550 haeredes
1108 1454 1247 1525 sceleris
1261 1452 1332 1532 else

264 1556 455 1645 voluistis,
476 1576 556 1627 curn
576 1550 638 1624 filii
657 1553 754 1646 pacis
777 1553 836 1624 vel
854 1548 938 1624 'sero
954 1553 1024 1625 else
1040 1552 1199 1646 possetis.
1239 1551 1332 1644 Cum

257 1654 304 1748 ,in
317 1655 509 1728 ezechiele
522 1653 699 1744 Propheta
713 1652 879 1746 scriptum
896 1652 956 1742 sit,
985 1654 1108 1724 Emoda
1124 1673 1225 1726 vacem
1243 1670 1331 1724 mam

258 1758 484 1850 supersilium
508 1759 712 1847 peccatoris,
737 1778 777 1822 ne
801 1752 930 1847 vefir'gr'a
953 1758 1056 1846 porris
1083 1754 1138 1842 sui
1165 1755 1330 1849 sequatur.

265 1859 433 1945 Quoniam
459 1860 568 1923 anima
593 1856 700 1947 patris
714 1876 787 1921 ‘maa
813 1855 873 1947 efl,
907 1851 943 1928 Θ
968 1859 1073 1930 anima
1099 1855 1163 1940 filii
1189 1881 1253 1926 mea
1279 1854 1331 1950 ιβ.

267 1958 391 2024 flamma
411 1978 478 2047 qua
499 1955 626 2044 peccat,
658 1951 723 2036 lasa
741 1956 915 2047 punietur:
953 1951 976 2025 fi
1001 1951 1201 2045 displiceret
1222 1955 1333 2028 vobi}

268 2050 570 2142 quodparenter
586 2048 693 2122 vestri
717 2047 989 2145 peccaverunt,
1025 2052 1070 2126 de
1096 2052 1239 2127 admissu
1268 2049 1340 2130 sun¹

266 2149 334 2223 soli
352 2150 544 2222 redderent
559 2153 752 2223 rationem:
770 2152 844 2224 huc
862 2151 973 2223 modo
993 2155 1052 2226 vel
1066 2175 1134 2226 vos
1150 2155 1246 2226 beati
1263 2151 1342 2230 elsc‘

221 2251 223 2258 '
265 2246 439 2344 polletis,
467 2250 661 2322 &laudem
687 2251 732 2323 de
757 2270 823 2323 ore
845 2250 1033 2344 Prophetae
1058 2257 1245 2347 accipere,
1273 2253 1335 2344 qui

267 2350 318 2422 ait
335 2350 370 2420 in
391 2347 548 2440 Psal'mO,
582 2352 701 2420 Beatus
717 2357 792 2436 air,
825 2359 882 2447 qui
903 2376 969 2421 nan
986 2353 1067 2422 aliie
1084 2358 1121 2423 in
1138 2355 1259 2448 cauſslr'a
1275 2360 1335 2420 im·

221 2477 225 2490 ·
264 2455 409 2544 piorum,
444 2452 479 2523 (9
500 2455 612 2517 imvm
630 2468 819 2544 peccatorum
842 2476 907 2520 nou
918 2453 1037 2547 stetit,
1068 2452 1107 2528 di
1125 2458 1163 2522 in
1185 2455 1336 2522 cathedra

265 2548 453 2645 pestilentia
481 2573 547 2618 nan
566 2552 673 2639 sedit:
706 2550 761 2640 sed
785 2558 822 2621 in
846 2553 907 2644 lege
934 2555 1069 2622 [lamini
1086 2551 1159 2643 fuir
1183 2551 1337 2620 voluntas

268 2673 349 2720 eus.

279 2673 298 2746 1
348 2744 446 2843 Quid
470 2743 522 2817 est
546 2745 640 2816 aliud
666 2747 701 2817 in
731 2747 812 2840 lege
834 2747 967 2819 habere
992 2747 1241 2836 voluntatem,
1275 2733 1339 2823 nist

266 2837 394 2920 'divina
411 2858 589 2936 praecepta
610 2843 643 2913 dt
664 2842 827 2938 religiose
852 2844 1010 2934 discere,
1045 2849 1078 2919 dt
1100 2867 1180 2920 cum
1206 2849 1339 2922 timore

273 2941 490 3036 complere?
525 2943 565 3012 ln
590 2962 657 3032 qua
679 2944 758 3037 lege
779 2942 945 3035 scriptum
968 2944 1038 3036 est,
1074 2950 1142 3019 Pax
1163 2949 1340 3018 uouendas

274 3052 315 3115 ier
335 3064 423 3114 terra
443 3044 526 3110 bana
540 3043 734 3117 voluntatis.
793 3040 841 3115 Et
858 3047 928 3122 alio
948 3046 1056 3137 loco,
1088 3052 1201 3118 Ponam
1216 3048 1341 3137 sunda-

273 3163 384 3216 mema
403 3149 487 3237 paris
509 3149 546 3210 r'n
566 3146 655 3213 Sion.
717 3138 765 3214 Et
786 3146 856 3217 alio
878 3145 986 3236 loc0,
1018 3149 1187 3219 Videamus
1204 3150 1279 3245 quid
1293 3147 1340 3218 la·

299 3263 398 3314 uarur
414 3247 588 3312 Dominus:
617 3249 766 3338 quoniam
787 3246 934 3339 loquetur
949 3267 1050 3339 parem
1065 3256 1101 3316 in
1114 3251 1229 3343 plebem
1238 3249 1341 3335 suam.

314 3344 419 3414 talio
438 3344 545 3430 loco,
579 3346 680 3413 Venit
690 3344 783 3431 filius
808 3349 890 3430 Dei,
917 3344 956 3420 (5
971 3344 1083 3436 salius
1100 3348 1140 3442 esi
1157 3355 1193 3416 in
1212 3369 1282 3439 pace
1297 3350 1343 3418 sa·

271 3457 333 3514 'aus
353 3447 432 3539 ejus.
484 3436 533 3510 Et
548 3441 618 3511 alio
634 3444 742 3522 loco,
769 3446 954 3537 Suscrpmur
971 3465 1090 3517 montes
1104 3469 1205 3541 parem
1222 3449 1344 3540 popula,

278 3543 319 3619 ὅ
347 3544 435 3612 calles
455 3539 623 3636 justiliam.
683 3539 729 3612 Et
747 3541 785 3612 in
803 3539 1024 3640 EvangeliO,
1064 3550 1169 3615 Pacem
1188 3546 1345 3628 meamdp

279 3643 392 3732 vobis,
417 3660 518 3734 pacem
536 3663 632 3709 meam
651 3642 794 3736 relinqua
814 3642 913 3715 vobis.
964 3641 1013 3714 Et
1030 3643 1158 3715 Paulus
1179 3646 1248 3734 ait,
1273 3647 1345 3738 Que‘

278 3762 385 3840 pacem
402 3740 507 3828 serit,
537 3758 639 3834 pacem
656 3738 695 3812 ss
718 3756 824 3815 meter.
876 3738 923 3813 Et
942 3742 977 3814 in
998 3744 1345 3837 omniburepistolit

281 3838 370 3916 suis:
401 3842 467 3910 Pax
479 3837 717 3910 vabisaluader
731 3850 768 3918 r'm
785 3845 911 3909 nomine
937 3845 1040 3911 Patris
1060 3839 1099 3917 U
1119 3848 1199 3918 Filia
1216 3848 1253 3922 (5
1271 3849 1348 3939 Spi-

285 3947 369 4014 rirur
387 3935 513 4012 Sanddr‘.
565 3936 615 4009 Et
633 3938 669 4010 in
685 3934 767 4029 psal.
784 3937 949 4012 XXXlll:
973 3945 1089 4036 Quare
1103 3966 1203 4028 pacem
1222 3944 1261 4021 (5
1276 3959 1349 4026 came

278 4041 417 4141 sequaris
433 4063 511 4115 eam.
550 4037 687 4135 Fugare
701 4034 891 4114 recesserat
907 4062 977 4135 pax
995 4065 1015 4117 a
1033 4048 1191 4141 patribus
1206 4042 1355 4135 vestris,

1244 4162 1326 4213 uua
