3200 4784
606 477 611 484 ,
672 410 819 498 178
964 463 975 484 ,
1117 352 1776 500 Meteonem-A
1841 396 2256 478 Vna-nna

680 516 1139 639 Nundinario
1164 507 1395 633 dixit:
1446 560 1532 634 In
1572 560 1848 656 templo
1887 558 2170 654 Serapis
2210 562 2546 658 fuerunt,
2598 561 2672 639 δι
2701 577 2833 644 tu-

556 715 563 731 ,
682 661 772 739 lit
814 663 968 734 illas
1016 659 1402 753 Purpurius
1445 658 1885 753 Episcopus:
1958 676 2237 737 acetum
2294 666 2492 755 quod
2543 666 2830 752 habue2

680 771 899 853 runt,
950 761 1117 832 tulit
1146 758 1320 831 illud
1346 758 1676 831 Silvanus
1715 755 2150 852 Episcopus,
2218 762 2579 838 Donatius
2610 767 2829 842 Pres-

680 866 941 954 byter,
978 859 1047 933 δε
1072 857 1454 934 Lucianus.
1536 855 1981 949 Zenophilus
2010 861 2101 934 V.
2128 857 2208 935 C.
2235 858 2524 935 Consul.
2599 861 2824 942 Nun-

685 961 963 1037 dinario
996 958 1217 1032 dixit:
1279 957 1532 1029 Sciunt
1565 956 1638 1028 id
1668 955 1967 1048 fastum,
2022 958 2138 1049 qui
2169 960 2551 1037 adsistunt?
2604 965 2823 1040 Nun-

682 1061 997 1136 dinarius
1025 1055 1429 1152 respondit:
1475 1054 1749 1130 Sciunt.
1853 1055 2224 1130 Diaconus
2255 1058 2676 1146 Saturninus
2710 1066 2823 1138 di·-

610 1187 624 1206 κ
680 1163 827 1236 xit:
877 1157 1243 1231 Dicebant
1270 1156 1580 1247 majores
1617 1153 1842 1228 nostri
1884 1158 2047 1248 quia
2079 1155 2366 1232 sublatae
2403 1160 2582 1235 sunt.
2672 1165 2821 1240 Ze-

678 1255 1023 1351 nophilus
1051 1235 1279 1332 V.C.
1323 1251 1616 1330 Consul.
1650 1254 1871 1326 dixit:
1934 1254 2004 1326 A
2041 1274 2187 1348 quo
2229 1256 2516 1332 sublatae
2559 1262 2817 1340 dicun-

679 1356 855 1433 tur?
906 1355 1323 1429 Saturninus
1355 1354 1569 1426 dixit:
1621 1349 2063 1446 APurpurio
2089 1350 2494 1449 Episcopo,
2545 1362 2613 1434 δι
2647 1384 2814 1438 ace·-

644 1471 833 1533 ·tum
868 1477 907 1530 a
936 1455 1243 1528 Silvano
1268 1454 1336 1526 δι
1365 1452 1697 1526 Donatio
1733 1450 1800 1524 δι
1834 1449 2163 1526 Luciano
2203 1453 2694 1553 Presbyteri8‚
2733 1462 2812 1536 δε

677 1557 1012 1632 Luciano
1056 1551 1423 1627 Diacono.
1531 1549 2024 1625 Nundinarius
2069 1552 2282 1627 dixit:
2344 1558 2622 1653 Viginti
2667 1562 2813 1635 fol-

676 1659 789 1731 les
828 1654 1073 1746 dedit,
1136 1654 1208 1726 &
1250 1648 1470 1724 fafitus
1519 1647 1623 1723 est
1660 1647 2047 1741 Presbyter
2091 1652 2374 1730 Vifitor.
2490 1659 2813 1734 Saturni-

675 1775 814 1832 nus
849 1753 1069 1826 dixit:
1117 1754 1159 1792 *
1208 1749 1278 1824 δι
1304 1771 1464 1824 cum
1492 1749 1770 1823 diceret
1791 1801 1816 1840 ,
1886 1748 2331 1845 Zenophilus
2362 1756 2453 1829 V.
2479 1755 2561 1832 C.
2583 1758 2806 1839 Cons.

674 1854 1065 1927 Saturnino
1118 1850 1340 1924 dixit:
1413 1849 1548 1922 Cui
1587 1846 1839 1922 dedit?
1908 1848 2330 1925 Saturninus
2376 1855 2602 1931 dixit:
2672 1859 2808 1934 Sil-

675 1973 877 2028 vano
898 1949 1288 2045 Episcopo,
1326 2007 1331 2014 .
1384 1947 1949 2043 Zenophilus·V.
1980 1948 2064 2025 C.
2093 1947 2381 2027 Consul.
2409 1954 2802 2030 Saturnino

676 2053 896 2125 dixit:
968 2049 1165 2148 Ergo
1213 2063 1297 2122 ut
1338 2045 1551 2122 fieret
1591 2047 2023 2138 Presbyter,
2083 2047 2382 2125 Silvano
2430 2051 2801 2150 Episcopo

645 2151 930 2247 'viginti
967 2150 1180 2223 folles
1213 2149 1576 2240 praemium
1608 2145 1856 2219 dedit?
1907 2143 2328 2223 Saturninus
2354 2153 2576 2228 dixit:
2649 2156 2808 2231 De-

675 2253 807 2327 dit.
905 2247 1351 2342 Zenophilus
1378 2248 1475 2322 V.
1494 2246 1575 2321 C.
1601 2243 1890 2319 Consul.
1911 2245 2302 2320 Saturnino
2330 2252 2543 2328 dixit:
2594 2252 2805 2331 Ante

675 2351 1045 2424 Silvanum
1080 2347 1382 2441 pofitum
1417 2344 1565 2421 est?
1614 2346 2034 2418 Saturninus
2065 2345 2278 2419 dixit:
2330 2347 2528 2424 Ante
2557 2355 2805 2428 cathe-

672 2452 871 2525 dram
897 2446 1447 2541 Episcoporutn.
1548 2442 1990 2537 Zenophilus
2018 2445 2116 2519 V.
2147 2445 2228 2519 C.
2255 2446 2546 2524 Consul.
2587 2450 2801 2529 Nun-

672 2549 953 2644 dinatio
987 2547 1203 2620 dixit:
1269 2544 1339 2617 A
1376 2563 1525 2636 quo
1562 2545 1866 2637 pecunia
1899 2542 2169 2642 sublata
2199 2545 2355 2620 est?
2420 2548 2801 2628 Nundina-

669 2651 817 2724 rius
853 2648 1066 2721 dixit:
1121 2644 1249 2739 Ipfi
1279 2642 1618 2737 Episcopi
1647 2639 2041 2716 diviserunt
2073 2665 2224 2718 eam
2262 2648 2451 2720 inter
2483 2649 2571 2726 se.
2660 2651 2801 2728 Ze·

648 2769 772 2825 ,Πῡ
828 2748 1008 2821 hilus
1052 2746 1144 2817 V.
1188 2744 1268 2821 C
1312 2741 1596 2817 Consul.
1628 2741 2089 2817 Nundinariu
2133 2745 2345 2818 dixit:
2425 2748 2801 2829 Donatum
