3200 4784
428 429 502 484 na
511 406 917 485 Donnrrainauu
933 368 1180 487 Hrarontn.
1255 427 1335 503 303
1365 434 1369 445 ¹

258 570 319 667 ‘⁶9
346 564 556 644 Prosecutio
575 569 865 665 catholicorum,
897 594 966 665 qua
986 571 1148 645 conditio
1168 569 1231 645 iiia
1251 593 1334 666 pro·

372 671 541 764 ponitur,
576 686 617 743 ut
639 673 742 744 editis
768 670 872 766 gestis
897 675 948 749 de
962 692 1087 746 eorum
1108 668 1333 766 susceptione

304 769 402 842 .'&
420 770 465 843 de
482 784 646 863 ternpore
665 786 837 845 caveatur
853 794 872 845 a
889 772 1060 865 partibus,

271 890 319 964 70
345 867 554 944 Prosecutio
575 869 870 965 Donatistarum,
897 873 959 946 ubi
976 871 1014 943 id
1034 868 1070 945 se
1090 870 1243 948 satiatos
1263 872 1332 950 eise

370 971 597 1060 promittunt.
886 1022 889 1027 -

271 1087 313 1162 71
343 1067 583 1142 lnterlocutio
596 1067 738 1160 judicis,
756 1069 816 1140 ubi
831 1066 938 1141 etiarn
955 1067 1137 1161 prasentia
1149 1069 1243 1165 gesta
1260 1094 1332 1150 una

370 1188 451 1241 curn
470 1166 707 1260 superioribus
725 1169 832 1239 edere
845 1167 991 1258 jubetur
1009 1166 1186 1244 officiuim

269 1287 316 1359 72
341 1265 550 1340 Prosecutio
577 1266 869 1357 Catholicorunr,
903 1268 964 1339 ubi
991 1266 1142 1345 edilium
1167 1291 1186 1343 a
1207 1271 1330 1362 judice

368 1366 527 1462 flagitant
542 1365 841 1458 proponendum,
855 1380 898 1438 ut
909 1366 1106 1442 Donatista
1119 1362 1330 1449 dilationem

367 1466 504 1557 petiisse
522 1467 1390 1543 noscantur..

269 1585 314 1658 73
342 1564 487 1639 Decisro
507 1566 727 1660 cognitoris,
753 1565 816 1637 ubi
837 1562 1037 1657 preditum
1056 1564 1233 1661 gestorum
1250 1590 1332 1663 pro·

368 1664 583 1760 positionem
601 1661 636 1737 se
656 1663 829 1739 faciurum
846 1662 918 1737 elle
932 1668 1123 1760 promittit.
1357 1691 1362 1709 ·

451 1804 643 1901 Expliciunr
672 1804 820 1900 Capitale
848 1804 993 1901 galiorum
1021 1806 1148 1896 secundi

611 1940 614 1949 ·
701 1902 878 2021 constristo.

393 2120 663 2179 memorat*
702 2122 953 2181 cannatina
987 2122 1208 2185 Tunrtntt

699 2224 905 2328 Cognitionis.

293 2343 439 2532 1De
458 2355 615 2430 adstante
636 2352 769 2432 officio.

447 2457 503 2529 De
522 2456 672 2552 ingreffis
689 2454 891 2550 Episcopis.

293 2557 579 2651 ginterlocutio
598 2557 642 2626 de
661 2556 719 2627 die
740 2558 911 2629 examinis
928 2544 1148 2648 constituto,
1175 2556 1235 2646 qui
1252 2556 1328 2634 diet
1386 2544 1390 2555 ¹

367 2658 472 2727 etlam
489 2653 596 2726 officii
612 2650 838 2743 responsione
855 2652 1017 2748 signatur.
1372 2734 1375 2741 Ι

289 2776 312 2842 4
338 2754 521 2825 Recitatro
534 2753 727 2841 cautionis,
737 2752 795 2822 ubr
806 2750 986 2823 Catholrcr
996 2748 1327 2846 gestareceperunt

291 2871 311 2938 5
340 2850 520 2923 Recitatio
537 2849 652 2921 similis
668 2853 845 2923 cautionis
861 2854 969 2943 partia
984 2850 1140 2927 alterius,

292 2961 313 3022 o
340 2950 602 3041 interlocutio,
629 2969 695 3041 qua
719 2949 903 3044 statuitur,
935 2967 975 3024 ut
1000 2953 1202 3045 principalis
1225 2954 1328 3032 causa

365 3051 513 3121 dicatur.

292 3171 313 3242 7
341 3149 550 3221 Prosecuno
581 3143 879 3236 Catholicorurn,
913 3149 974 3221 ubi
995 3151 1192 3247 principale
1216 3175 1328 3251 nego·
1393 3123 1402 3141 ’

367 3251 454 3321 tium
472 3250 556 3321 olim
574 3245 606 3319 se
623 3266 725 3342 agere
744 3250 839 3320 velle
858 3246 1040 3324 testantur.

292 3354 311 3426 8
338 3345 621 3419 UbiDonatistae
638 3348 865 3420 acatholicis
879 3351 1038 3443 exigunt,
1048 3362 1089 3421 ut
1103 3365 1327 3442 proponant.

289 3468 311 3541 9
340 3443 412 3518 Ubi
430 3446 684 3538 respondetur,
707 3447 993 3540 propositionem
1009 3469 1055 3519 ex
1073 3452 1243 3529 mattdato
1262 3449 1327 3523 suo

365 3545 463 3638 polle
480 3546 659 3639 cognosci.

268 3663 312 3719 ro
337 3643 553 3718 Prosecutio
565 3641 851 3729 catholicorum
872 3664 941 3734 qua
957 3644 1169 3736 praedicunt,
1185 3665 1232 3717 ne
1250 3668 1328 3723 nto·
1342 3706 1353 3741 ,.

361 3766 476 3816 rarum
491 3744 743 3834 impedimenta
758 3743 955 3818 uellantur.

265 3861 307 3915 11
337 3843 566 3928 Prosecutio
595 3859 656 3930 ut,
676 3842 773 3931 quod
791 3844 1009 3934 intenditur,
1037 3816 1275 3934 proponatur.

267 3961 311 4015 12
328 3941 1327 4035 ResponsioCatholicorum‚quadicunt,propositionem

360 4041 628 4164 Donatistarum
651 4039 869 4149 exipsorum
887 4042 1009 4146 colligi
1025 4039 1127 4140 posse
1140 4043 1334 4113 maniaco

1111 4159 1165 4236 tu
1183 4140 1311 4208 luter
