<?xml version="1.0" encoding="UTF-8"?>
<!DOCTYPE html PUBLIC "-//W3C//DTD XHTML 1.0 Transitional//EN"
    "http://www.w3.org/TR/xhtml1/DTD/xhtml1-transitional.dtd">
<html xmlns="http://www.w3.org/1999/xhtml" xml:lang="en" lang="en">
 <head>
  <title>
</title>
<meta http-equiv="Content-Type" content="text/html;charset=utf-8" />
  <meta name='ocr-system' content='tesseract 3.04.00' />
  <meta name='ocr-capabilities' content='ocr_page ocr_carea ocr_par ocr_line ocrx_word'/>
</head>
<body>
  <div class='ocr_page' id='page_1' title='image "./operaomniasanct06librgoog_0529.png"; bbox 0 0 3200 4784; ppageno 0'>
   <div class='ocr_carea' id='block_1_1' title="bbox 264 352 1277 499">
    <p class='ocr_par' dir='ltr' id='par_1_1' title="bbox 264 352 1277 499">
     <span class='ocr_line' id='line_1_1' title="bbox 264 352 1277 499; baseline -0.005 -22"><span class='ocrx_word' id='word_1_1' title='bbox 264 395 267 401; x_wconf 82' lang='grc'>’</span> <span class='ocrx_word' id='word_1_2' title='bbox 348 352 840 499; x_wconf 69' lang='lat' dir='ltr'>oeDornrr&#39;rrnnuu</span> <span class='ocrx_word' id='word_1_3' title='bbox 863 391 1124 481; x_wconf 77' lang='lat' dir='ltr'>Hrrr‘onrn.</span> <span class='ocrx_word' id='word_1_4' title='bbox 1173 398 1277 495; x_wconf 80' lang='lat'>&#39;495</span> 
     </span>
    </p>
   </div>
   <div class='ocr_carea' id='block_1_2' title="bbox 235 558 1309 4032">
    <p class='ocr_par' dir='ltr' id='par_1_2' title="bbox 235 558 1293 1351">
     <span class='ocr_line' id='line_1_2' title="bbox 237 558 1279 655; baseline -0.003 -19"><span class='ocrx_word' id='word_1_5' title='bbox 237 581 286 636; x_wconf 91' lang='lat' dir='ltr'>oc</span> <span class='ocrx_word' id='word_1_6' title='bbox 298 559 432 655; x_wconf 84' lang='lat' dir='ltr'>ipsum,</span> <span class='ocrx_word' id='word_1_7' title='bbox 444 561 615 654; x_wconf 68' lang='lat' dir='ltr'>justornm</span> <span class='ocrx_word' id='word_1_8' title='bbox 627 574 747 639; x_wconf 78' lang='lat' dir='ltr'>autem</span> <span class='ocrx_word' id='word_1_9' title='bbox 759 558 879 633; x_wconf 85' lang='lat' dir='ltr'>facere</span> <span class='ocrx_word' id='word_1_10' title='bbox 892 558 1088 650; x_wconf 81' lang='lat' dir='ltr'>Imperiaiis</span> <span class='ocrx_word' id='word_1_11' title='bbox 1101 558 1279 655; x_wconf 84' lang='lat' dir='ltr'>rescripti,</span> 
     </span>
     <span class='ocr_line' id='line_1_3' title="bbox 235 662 1277 761; baseline -0.001 -25"><span class='ocrx_word' id='word_1_12' title='bbox 235 667 257 736; x_wconf 94' lang='lat' dir='ltr'>d</span> <span class='ocrx_word' id='word_1_13' title='bbox 284 664 384 756; x_wconf 82' lang='lat' dir='ltr'>cujus</span> <span class='ocrx_word' id='word_1_14' title='bbox 410 662 736 761; x_wconf 78' lang='lat' dir='ltr'><strong>promulgationem</strong></span> <span class='ocrx_word' id='word_1_15' title='bbox 760 681 879 752; x_wconf 88' lang='lat' dir='ltr'>neque</span> <span class='ocrx_word' id='word_1_16' title='bbox 908 675 1074 733; x_wconf 88' lang='lat' dir='ltr'>tenorem</span> <span class='ocrx_word' id='word_1_17' title='bbox 1106 679 1277 755; x_wconf 83' lang='lat' dir='ltr'>precum,</span> 
     </span>
     <span class='ocr_line' id='line_1_4' title="bbox 237 759 1277 855; baseline -0.002 -19"><span class='ocrx_word' id='word_1_18' title='bbox 237 785 332 854; x_wconf 86' lang='lat' dir='ltr'>eque</span> <span class='ocrx_word' id='word_1_19' title='bbox 363 763 567 836; x_wconf 81' lang='lat' dir='ltr'>mandatum</span> <span class='ocrx_word' id='word_1_20' title='bbox 599 764 799 855; x_wconf 81' lang='lat' dir='ltr'>legatorum</span> <span class='ocrx_word' id='word_1_21' title='bbox 825 759 1030 845; x_wconf 73' lang='lat' dir='ltr'>,monstrare</span> <span class='ocrx_word' id='word_1_22' title='bbox 1067 764 1277 835; x_wconf 88' lang='lat' dir='ltr'>voluerunt.</span> 
     </span>
     <span class='ocr_line' id='line_1_5' title="bbox 235 857 1278 959; baseline -0.009 -26"><span class='ocrx_word' id='word_1_23' title='bbox 235 867 324 959; x_wconf 75' lang='lat' dir='ltr'>gitur</span> <span class='ocrx_word' id='word_1_24' title='bbox 344 862 427 952; x_wconf 90' lang='lat' dir='ltr'>quia</span> <span class='ocrx_word' id='word_1_25' title='bbox 448 862 537 932; x_wconf 91' lang='lat' dir='ltr'>nihil</span> <span class='ocrx_word' id='word_1_26' title='bbox 554 862 597 932; x_wconf 83' lang='lat' dir='ltr'>ab</span> <span class='ocrx_word' id='word_1_27' title='bbox 621 881 661 931; x_wconf 90' lang='lat' dir='ltr'>re</span> <span class='ocrx_word' id='word_1_28' title='bbox 679 858 755 947; x_wconf 90' lang='lat' dir='ltr'>est,</span> <span class='ocrx_word' id='word_1_29' title='bbox 783 859 882 949; x_wconf 92' lang='lat' dir='ltr'>quod</span> <span class='ocrx_word' id='word_1_30' title='bbox 905 860 942 929; x_wconf 90' lang='lat' dir='ltr'>in</span> <span class='ocrx_word' id='word_1_31' title='bbox 963 857 1101 948; x_wconf 87' lang='lat' dir='ltr'>judicio</span> <span class='ocrx_word' id='word_1_32' title='bbox 1122 860 1278 951; x_wconf 81' lang='lat' dir='ltr'>postula.</span> 
     </span>
     <span class='ocr_line' id='line_1_6' title="bbox 235 957 1278 1052; baseline 0.001 -18"><span class='ocrx_word' id='word_1_33' title='bbox 235 984 309 1052; x_wconf 81' lang='lat' dir='ltr'>rus,</span> <span class='ocrx_word' id='word_1_34' title='bbox 336 974 377 1033; x_wconf 90' lang='lat' dir='ltr'>ut</span> <span class='ocrx_word' id='word_1_35' title='bbox 393 961 555 1050; x_wconf 87' lang='lat' dir='ltr'>primitus</span> <span class='ocrx_word' id='word_1_36' title='bbox 572 974 633 1030; x_wconf 85' lang='lat' dir='ltr'>aut</span> <span class='ocrx_word' id='word_1_37' title='bbox 648 957 807 1050; x_wconf 86' lang='lat' dir='ltr'>rescripti</span> <span class='ocrx_word' id='word_1_38' title='bbox 819 957 1012 1049; x_wconf 75' lang='lat' dir='ltr'>inituram,</span> <span class='ocrx_word' id='word_1_39' title='bbox 1041 974 1104 1035; x_wconf 86' lang='lat' dir='ltr'>nut¹</span> <span class='ocrx_word' id='word_1_40' title='bbox 1120 962 1278 1035; x_wconf 84' lang='lat' dir='ltr'>mandati</span> 
     </span>
     <span class='ocr_line' id='line_1_7' title="bbox 235 1057 1293 1149; baseline 0.003 -18"><span class='ocrx_word' id='word_1_41' title='bbox 235 1065 260 1132; x_wconf 84' lang='lat' dir='ltr'>ri</span> <span class='ocrx_word' id='word_1_42' title='bbox 277 1060 412 1133; x_wconf 85' lang='lat' dir='ltr'>saciant</span> <span class='ocrx_word' id='word_1_43' title='bbox 428 1060 641 1149; x_wconf 87' lang='lat' dir='ltr'>ceffionem,</span> <span class='ocrx_word' id='word_1_44' title='bbox 667 1060 766 1130; x_wconf 82' lang='lat' dir='ltr'>ut‘ed</span> <span class='ocrx_word' id='word_1_45' title='bbox 785 1057 921 1129; x_wconf 83' lang='lat' dir='ltr'>causam</span> <span class='ocrx_word' id='word_1_46' title='bbox 941 1057 1068 1130; x_wconf 88' lang='lat' dir='ltr'>venire</span> <span class='ocrx_word' id='word_1_47' title='bbox 1082 1061 1293 1138; x_wconf 67' lang='lat' dir='ltr'>vulcanum·</span> 
     </span>
     <span class='ocr_line' id='line_1_8' title="bbox 235 1154 1276 1253; baseline 0.005 -22"><span class='ocrx_word' id='word_1_48' title='bbox 235 1164 262 1231; x_wconf 75' lang='lat' dir='ltr'>it</span> <span class='ocrx_word' id='word_1_49' title='bbox 283 1163 348 1231; x_wconf 79' lang='lat' dir='ltr'>aiia</span> <span class='ocrx_word' id='word_1_50' title='bbox 369 1184 478 1230; x_wconf 79' lang='lat' dir='ltr'>manu.</span> <span class='ocrx_word' id='word_1_51' title='bbox 538 1156 718 1230; x_wconf 83' lang='lat' dir='ltr'>Emeritos</span> <span class='ocrx_word' id='word_1_52' title='bbox 746 1154 945 1251; x_wconf 84' lang='lat' dir='ltr'>Episcopus</span> <span class='ocrx_word' id='word_1_53' title='bbox 966 1161 1178 1253; x_wconf 79' lang='lat' dir='ltr'>recognovi</span> <span class='ocrx_word' id='word_1_54' title='bbox 1203 1162 1276 1235; x_wconf 79' lang='lat' dir='ltr'>sine</span> 
     </span>
     <span class='ocr_line' id='line_1_9' title="bbox 236 1257 1252 1351; baseline -0.007 -20"><span class='ocrx_word' id='word_1_55' title='bbox 236 1260 420 1351; x_wconf 84' lang='lat' dir='ltr'>raejudicio</span> <span class='ocrx_word' id='word_1_56' title='bbox 440 1258 691 1350; x_wconf 83' lang='lat' dir='ltr'>appellationis</span> <span class='ocrx_word' id='word_1_57' title='bbox 707 1257 848 1329; x_wconf 75' lang='lat' dir='ltr'>nostru.</span> <span class='ocrx_word' id='word_1_58' title='bbox 1025 1318 1027 1323; x_wconf 94' lang='lat'><em>.</em></span> <span class='ocrx_word' id='word_1_59' title='bbox 1248 1262 1252 1269; x_wconf 85' lang='lat'><em>&#39;</em></span> 
     </span>
    </p>

    <p class='ocr_par' dir='ltr' id='par_1_3' title="bbox 235 1352 1278 3729">
     <span class='ocr_line' id='line_1_10' title="bbox 285 1352 1276 1453; baseline 0.003 -24"><span class='ocrx_word' id='word_1_60' title='bbox 285 1378 344 1446; x_wconf 79' lang='lat'>50.</span> <span class='ocrx_word' id='word_1_61' title='bbox 370 1355 739 1453; x_wconf 66' lang='lat' dir='ltr'>AugustinusEpiscopus</span> <span class='ocrx_word' id='word_1_62' title='bbox 753 1357 887 1452; x_wconf 68' lang='lat' dir='ltr'>Ecclesia</span> <span class='ocrx_word' id='word_1_63' title='bbox 899 1352 1068 1429; x_wconf 75' lang='lat' dir='ltr'>catholica</span> <span class='ocrx_word' id='word_1_64' title='bbox 1080 1358 1183 1431; x_wconf 82' lang='lat' dir='ltr'>dixit:</span> <span class='ocrx_word' id='word_1_65' title='bbox 1207 1358 1276 1431; x_wconf 86' lang='lat' dir='ltr'>Le·</span> 
     </span>
     <span class='ocr_line' id='line_1_11' title="bbox 235 1455 1277 1549; baseline 0.002 -20"><span class='ocrx_word' id='word_1_66' title='bbox 235 1472 313 1529; x_wconf 85' lang='lat' dir='ltr'>atur</span> <span class='ocrx_word' id='word_1_67' title='bbox 331 1461 534 1531; x_wconf 80' lang='lat' dir='ltr'>mandatum</span> <span class='ocrx_word' id='word_1_68' title='bbox 549 1455 729 1537; x_wconf 83' lang='lat' dir='ltr'>nostrum,</span> <span class='ocrx_word' id='word_1_69' title='bbox 744 1456 779 1527; x_wconf 76' lang='lat' dir='ltr'>tz-</span> <span class='ocrx_word' id='word_1_70' title='bbox 790 1456 1013 1549; x_wconf 79' lang='lat' dir='ltr'>intelligent,</span> <span class='ocrx_word' id='word_1_71' title='bbox 1030 1477 1134 1547; x_wconf 85' lang='lat' dir='ltr'>quam</span> <span class='ocrx_word' id='word_1_72' title='bbox 1149 1457 1277 1532; x_wconf 76' lang='lat' dir='ltr'>euntia</span> 
     </span>
     <span class='ocr_line' id='line_1_12' title="bbox 235 1555 1278 1653; baseline -0.001 -25"><span class='ocrx_word' id='word_1_73' title='bbox 235 1558 410 1629; x_wconf 89' lang='lat' dir='ltr'>ontineat.</span> <span class='ocrx_word' id='word_1_74' title='bbox 441 1561 487 1629; x_wconf 86' lang='lat' dir='ltr'>Et</span> <span class='ocrx_word' id='word_1_75' title='bbox 502 1557 568 1626; x_wconf 81' lang='lat' dir='ltr'>alia</span> <span class='ocrx_word' id='word_1_76' title='bbox 586 1581 697 1631; x_wconf 82' lang='lat' dir='ltr'>manu.</span> <span class='ocrx_word' id='word_1_77' title='bbox 723 1555 954 1651; x_wconf 85' lang='lat' dir='ltr'>Recognovi.</span> <span class='ocrx_word' id='word_1_78' title='bbox 999 1558 1179 1627; x_wconf 73' lang='lat' dir='ltr'>Petilianis</span> <span class='ocrx_word' id='word_1_79' title='bbox 1199 1560 1278 1653; x_wconf 77' lang='lat' dir='ltr'>Epi·</span> 
     </span>
     <span class='ocr_line' id='line_1_13' title="bbox 235 1650 1277 1753; baseline 0.003 -26"><span class='ocrx_word' id='word_1_80' title='bbox 235 1679 313 1752; x_wconf 81' lang='lat' dir='ltr'>upus</span> <span class='ocrx_word' id='word_1_81' title='bbox 322 1662 429 1753; x_wconf 81' lang='lat' dir='ltr'>partis</span> <span class='ocrx_word' id='word_1_82' title='bbox 442 1661 569 1728; x_wconf 81' lang='lat' dir='ltr'>Donati</span> <span class='ocrx_word' id='word_1_83' title='bbox 583 1656 688 1747; x_wconf 79' lang='lat' dir='ltr'>dixit.-</span> <span class='ocrx_word' id='word_1_84' title='bbox 713 1652 864 1748; x_wconf 85' lang='lat' dir='ltr'>Patere,</span> <span class='ocrx_word' id='word_1_85' title='bbox 877 1650 1004 1744; x_wconf 76' lang='lat' dir='ltr'>preste</span> <span class='ocrx_word' id='word_1_86' title='bbox 1018 1655 1124 1745; x_wconf 82' lang='lat' dir='ltr'>judici</span> <span class='ocrx_word' id='word_1_87' title='bbox 1138 1659 1277 1748; x_wconf 84' lang='lat' dir='ltr'>patien-</span> 
     </span>
     <span class='ocr_line' id='line_1_14' title="bbox 241 1750 1276 1848; baseline 0.002 -21"><span class='ocrx_word' id='word_1_88' title='bbox 241 1778 316 1846; x_wconf 87' lang='lat' dir='ltr'>arn,</span> <span class='ocrx_word' id='word_1_89' title='bbox 347 1776 452 1847; x_wconf 86' lang='lat' dir='ltr'>quam</span> <span class='ocrx_word' id='word_1_90' title='bbox 471 1756 578 1828; x_wconf 88' lang='lat' dir='ltr'>nobis</span> <span class='ocrx_word' id='word_1_91' title='bbox 597 1750 750 1848; x_wconf 72' lang='lat' dir='ltr'>prestat.</span> <span class='ocrx_word' id='word_1_92' title='bbox 786 1757 835 1827; x_wconf 88' lang='lat' dir='ltr'>Et</span> <span class='ocrx_word' id='word_1_93' title='bbox 851 1757 1041 1830; x_wconf 68' lang='lat' dir='ltr'>aliermont.</span> <span class='ocrx_word' id='word_1_94' title='bbox 1081 1754 1276 1843; x_wconf 79' lang='lat' dir='ltr'>Petilianur</span> 
     </span>
     <span class='ocr_line' id='line_1_15' title="bbox 235 1852 1275 1952; baseline 0.006 -27"><span class='ocrx_word' id='word_1_95' title='bbox 235 1854 413 1950; x_wconf 71' lang='lat' dir='ltr'>{piscopos</span> <span class='ocrx_word' id='word_1_96' title='bbox 441 1858 646 1952; x_wconf 86' lang='lat' dir='ltr'>recognovi</span> <span class='ocrx_word' id='word_1_97' title='bbox 680 1852 752 1927; x_wconf 90' lang='lat' dir='ltr'>fine</span> <span class='ocrx_word' id='word_1_98' title='bbox 786 1854 995 1948; x_wconf 72' lang='lat' dir='ltr'>prejudicio</span> <span class='ocrx_word' id='word_1_99' title='bbox 1013 1857 1275 1948; x_wconf 65' lang='lat' dir='ltr'>‘appeiletionir</span> 
     </span>
     <span class='ocr_line' id='line_1_16' title="bbox 239 1953 915 2031; baseline -0.001 -4"><span class='ocrx_word' id='word_1_100' title='bbox 239 1953 351 2031; x_wconf 84' lang='lat' dir='ltr'>ostrae.</span> <span class='ocrx_word' id='word_1_101' title='bbox 913 2008 915 2013; x_wconf 73' lang='lat'><em>.</em></span> 
     </span>
     <span class='ocr_line' id='line_1_17' title="bbox 285 2044 1277 2144; baseline -0.001 -19"><span class='ocrx_word' id='word_1_102' title='bbox 285 2076 343 2142; x_wconf 82' lang='lat'>51.</span> <span class='ocrx_word' id='word_1_103' title='bbox 371 2055 582 2124; x_wconf 79' lang='lat' dir='ltr'>Murredium</span> <span class='ocrx_word' id='word_1_104' title='bbox 596 2059 655 2124; x_wconf 80' lang='lat' dir='ltr'>uir</span> <span class='ocrx_word' id='word_1_105' title='bbox 670 2045 861 2144; x_wconf 84' lang='lat' dir='ltr'>cloriffimus</span> <span class='ocrx_word' id='word_1_106' title='bbox 880 2044 1099 2128; x_wconf 70' lang='lat' dir='ltr'>Tribunus&amp;</span> <span class='ocrx_word' id='word_1_107' title='bbox 1111 2057 1277 2126; x_wconf 71' lang='lat' dir='ltr'>Notarius</span> 
     </span>
     <span class='ocr_line' id='line_1_18' title="bbox 235 2150 1277 2268; baseline 0.007 -49"><span class='ocrx_word' id='word_1_108' title='bbox 235 2158 324 2223; x_wconf 82' lang='lat' dir='ltr'>ixit:</span> <span class='ocrx_word' id='word_1_109' title='bbox 359 2153 459 2226; x_wconf 87' lang='lat' dir='ltr'>Nihil</span> <span class='ocrx_word' id='word_1_110' title='bbox 481 2155 574 2226; x_wconf 87' lang='lat' dir='ltr'>aliud</span> <span class='ocrx_word' id='word_1_111' title='bbox 597 2156 776 2247; x_wconf 86' lang='lat' dir='ltr'>praecipue</span> <span class='ocrx_word' id='word_1_112' title='bbox 797 2154 984 2247; x_wconf 86' lang='lat' dir='ltr'>principaii</span> <span class='ocrx_word' id='word_1_113' title='bbox 1008 2150 1190 2268; x_wconf 48' lang='lat' dir='ltr'>fruitione</span> <span class='ocrx_word' id='word_1_114' title='bbox 1216 2155 1277 2226; x_wconf 84' lang='lat' dir='ltr'>ad·</span> 
     </span>
     <span class='ocr_line' id='line_1_19' title="bbox 239 2250 1277 2344; baseline 0.002 -22"><span class='ocrx_word' id='word_1_115' title='bbox 239 2254 306 2323; x_wconf 89' lang='lat' dir='ltr'>erti</span> <span class='ocrx_word' id='word_1_116' title='bbox 329 2251 398 2324; x_wconf 83' lang='lat' dir='ltr'>esse</span> <span class='ocrx_word' id='word_1_117' title='bbox 423 2254 679 2344; x_wconf 86' lang='lat' dir='ltr'>constitutum,</span> <span class='ocrx_word' id='word_1_118' title='bbox 712 2252 776 2326; x_wconf 78' lang='lat' dir='ltr'>nisi</span> <span class='ocrx_word' id='word_1_119' title='bbox 800 2269 841 2324; x_wconf 94' lang='lat' dir='ltr'>ut</span> <span class='ocrx_word' id='word_1_120' title='bbox 866 2254 1168 2325; x_wconf 78' lang='lat' dir='ltr'>convenientibus</span> <span class='ocrx_word' id='word_1_121' title='bbox 1191 2250 1277 2344; x_wconf 86' lang='lat' dir='ltr'>Epi·</span> 
     </span>
     <span class='ocr_line' id='line_1_20' title="bbox 235 2351 1277 2447; baseline 0.002 -27"><span class='ocrx_word' id='word_1_122' title='bbox 235 2352 328 2441; x_wconf 82' lang='lat' dir='ltr'>:opis</span> <span class='ocrx_word' id='word_1_123' title='bbox 348 2351 588 2447; x_wconf 89' lang='lat' dir='ltr'>disputatione</span> <span class='ocrx_word' id='word_1_124' title='bbox 610 2353 731 2426; x_wconf 81' lang='lat' dir='ltr'>habita</span> <span class='ocrx_word' id='word_1_125' title='bbox 756 2351 856 2424; x_wconf 86' lang='lat' dir='ltr'>causa</span> <span class='ocrx_word' id='word_1_126' title='bbox 876 2353 979 2442; x_wconf 90' lang='lat' dir='ltr'>primi</span> <span class='ocrx_word' id='word_1_127' title='bbox 998 2354 1204 2423; x_wconf 82' lang='lat' dir='ltr'>inveniatur</span> <span class='ocrx_word' id='word_1_128' title='bbox 1221 2370 1277 2422; x_wconf 79' lang='lat' dir='ltr'>er·</span> 
     </span>
     <span class='ocr_line' id='line_1_21' title="bbox 235 2449 1275 2544; baseline 0.007 -24"><span class='ocrx_word' id='word_1_129' title='bbox 235 2454 333 2540; x_wconf 89' lang='lat' dir='ltr'>oris,</span> <span class='ocrx_word' id='word_1_130' title='bbox 377 2453 435 2523; x_wconf 92' lang='lat' dir='ltr'>cui</span> <span class='ocrx_word' id='word_1_131' title='bbox 456 2453 687 2544; x_wconf 85' lang='lat' dir='ltr'>disputationi</span> <span class='ocrx_word' id='word_1_132' title='bbox 711 2474 768 2524; x_wconf 90' lang='lat' dir='ltr'>me</span> <span class='ocrx_word' id='word_1_133' title='bbox 787 2452 944 2542; x_wconf 87' lang='lat' dir='ltr'>judicem</span> <span class='ocrx_word' id='word_1_134' title='bbox 969 2450 1088 2519; x_wconf 89' lang='lat' dir='ltr'>voluit</span> <span class='ocrx_word' id='word_1_135' title='bbox 1112 2449 1275 2527; x_wconf 81' lang='lat' dir='ltr'>resrdere.</span> 
     </span>
     <span class='ocr_line' id='line_1_22' title="bbox 235 2546 1275 2640; baseline -0.001 -17"><span class='ocrx_word' id='word_1_136' title='bbox 235 2551 365 2640; x_wconf 81' lang='lat' dir='ltr'>ccepit</span> <span class='ocrx_word' id='word_1_137' title='bbox 384 2567 503 2622; x_wconf 84' lang='lat' dir='ltr'>autern</span> <span class='ocrx_word' id='word_1_138' title='bbox 527 2549 686 2622; x_wconf 75' lang='lat' dir='ltr'>sanititas</span> <span class='ocrx_word' id='word_1_139' title='bbox 712 2548 829 2620; x_wconf 87' lang='lat' dir='ltr'>vestra</span> <span class='ocrx_word' id='word_1_140' title='bbox 854 2546 1145 2638; x_wconf 85' lang='lat' dir='ltr'>prosecutionem</span> <span class='ocrx_word' id='word_1_141' title='bbox 1164 2550 1275 2638; x_wconf 83' lang='lat' dir='ltr'>partis</span> 
     </span>
     <span class='ocr_line' id='line_1_23' title="bbox 246 2643 1277 2737; baseline 0.001 -18"><span class='ocrx_word' id='word_1_142' title='bbox 246 2646 389 2719; x_wconf 89' lang='lat' dir='ltr'>diverso</span> <span class='ocrx_word' id='word_1_143' title='bbox 408 2647 578 2735; x_wconf 78' lang='lat' dir='ltr'>sistentis,</span> <span class='ocrx_word' id='word_1_144' title='bbox 605 2649 643 2719; x_wconf 92' lang='lat' dir='ltr'>in</span> <span class='ocrx_word' id='word_1_145' title='bbox 663 2667 732 2737; x_wconf 82' lang='lat' dir='ltr'>qua</span> <span class='ocrx_word' id='word_1_146' title='bbox 752 2648 943 2718; x_wconf 84' lang='lat' dir='ltr'>evidenter</span> <span class='ocrx_word' id='word_1_147' title='bbox 961 2643 1138 2717; x_wconf 89' lang='lat' dir='ltr'>ostensum</span> <span class='ocrx_word' id='word_1_148' title='bbox 1158 2647 1208 2719; x_wconf 88' lang='lat' dir='ltr'>est</span> <span class='ocrx_word' id='word_1_149' title='bbox 1224 2662 1277 2720; x_wconf 83' lang='lat' dir='ltr'>at·</span> 
     </span>
     <span class='ocr_line' id='line_1_24' title="bbox 235 2741 1275 2836; baseline 0.003 -19"><span class='ocrx_word' id='word_1_150' title='bbox 235 2770 279 2817; x_wconf 84' lang='lat' dir='ltr'>ue</span> <span class='ocrx_word' id='word_1_151' title='bbox 297 2745 526 2836; x_wconf 84' lang='lat' dir='ltr'>promissum,</span> <span class='ocrx_word' id='word_1_152' title='bbox 554 2761 595 2816; x_wconf 94' lang='lat' dir='ltr'>ut</span> <span class='ocrx_word' id='word_1_153' title='bbox 610 2745 767 2817; x_wconf 82' lang='lat' dir='ltr'>Ecclesra</span> <span class='ocrx_word' id='word_1_154' title='bbox 790 2760 874 2817; x_wconf 90' lang='lat' dir='ltr'>toto</span> <span class='ocrx_word' id='word_1_155' title='bbox 893 2747 985 2818; x_wconf 92' lang='lat' dir='ltr'>orbe</span> <span class='ocrx_word' id='word_1_156' title='bbox 1003 2741 1126 2816; x_wconf 86' lang='lat' dir='ltr'>diffusa</span> <span class='ocrx_word' id='word_1_157' title='bbox 1143 2747 1275 2820; x_wconf 82' lang='lat' dir='ltr'>divinis</span> 
     </span>
     <span class='ocr_line' id='line_1_25' title="bbox 235 2843 1277 2936; baseline 0.002 -19"><span class='ocrx_word' id='word_1_158' title='bbox 235 2845 421 2917; x_wconf 72' lang='lat' dir='ltr'>estimoniis</span> <span class='ocrx_word' id='word_1_159' title='bbox 443 2843 729 2936; x_wconf 88' lang='lat' dir='ltr'>demonstretur,</span> <span class='ocrx_word' id='word_1_160' title='bbox 765 2864 845 2918; x_wconf 90' lang='lat' dir='ltr'>cum</span> <span class='ocrx_word' id='word_1_161' title='bbox 870 2843 1025 2916; x_wconf 75' lang='lat' dir='ltr'>videntis</span> <span class='ocrx_word' id='word_1_162' title='bbox 1049 2864 1094 2915; x_wconf 88' lang='lat' dir='ltr'>ex</span> <span class='ocrx_word' id='word_1_163' title='bbox 1119 2848 1277 2920; x_wconf 81' lang='lat' dir='ltr'>mandati</span> 
     </span>
     <span class='ocr_line' id='line_1_26' title="bbox 235 2941 1274 3038; baseline 0.001 -21"><span class='ocrx_word' id='word_1_164' title='bbox 235 2947 297 3017; x_wconf 72' lang='lat' dir='ltr'>erie</span> <span class='ocrx_word' id='word_1_165' title='bbox 321 2945 354 3014; x_wconf 84' lang='lat' dir='ltr'>dr</span> <span class='ocrx_word' id='word_1_166' title='bbox 377 2965 423 3017; x_wconf 84' lang='lat' dir='ltr'>ex</span> <span class='ocrx_word' id='word_1_167' title='bbox 444 2942 607 3036; x_wconf 87' lang='lat' dir='ltr'>praesenti</span> <span class='ocrx_word' id='word_1_168' title='bbox 627 2942 842 3038; x_wconf 82' lang='lat' dir='ltr'>professione</span> <span class='ocrx_word' id='word_1_169' title='bbox 863 2945 898 3016; x_wconf 91' lang='lat' dir='ltr'>id</span> <span class='ocrx_word' id='word_1_170' title='bbox 922 2941 1022 3016; x_wconf 82' lang='lat' dir='ltr'>fuisse</span> <span class='ocrx_word' id='word_1_171' title='bbox 1040 2945 1274 3038; x_wconf 85' lang='lat' dir='ltr'>declaratum,</span> 
     </span>
     <span class='ocr_line' id='line_1_27' title="bbox 237 3045 1276 3138; baseline 0.001 -23"><span class='ocrx_word' id='word_1_172' title='bbox 237 3046 356 3138; x_wconf 85' lang='lat' dir='ltr'>tlegis</span> <span class='ocrx_word' id='word_1_173' title='bbox 375 3046 547 3136; x_wconf 81' lang='lat' dir='ltr'>exemplis</span> <span class='ocrx_word' id='word_1_174' title='bbox 573 3059 678 3135; x_wconf 89' lang='lat' dir='ltr'>atque</span> <span class='ocrx_word' id='word_1_175' title='bbox 705 3045 931 3116; x_wconf 85' lang='lat' dir='ltr'>documentis</span> <span class='ocrx_word' id='word_1_176' title='bbox 957 3046 1078 3116; x_wconf 81' lang='lat' dir='ltr'>omnir</span> <span class='ocrx_word' id='word_1_177' title='bbox 1108 3065 1276 3137; x_wconf 84' lang='lat' dir='ltr'>compro·</span> 
     </span>
     <span class='ocr_line' id='line_1_28' title="bbox 236 3140 1276 3235; baseline 0.007 -21"><span class='ocrx_word' id='word_1_178' title='bbox 236 3159 352 3218; x_wconf 90' lang='lat' dir='ltr'>entur.</span> <span class='ocrx_word' id='word_1_179' title='bbox 402 3143 485 3217; x_wconf 90' lang='lat' dir='ltr'>Nec</span> <span class='ocrx_word' id='word_1_180' title='bbox 509 3145 602 3216; x_wconf 89' lang='lat' dir='ltr'>enirn</span> <span class='ocrx_word' id='word_1_181' title='bbox 626 3145 910 3216; x_wconf 78' lang='lat' dir='ltr'>clementissimus</span> <span class='ocrx_word' id='word_1_182' title='bbox 928 3143 1098 3235; x_wconf 86' lang='lat' dir='ltr'>Princeps</span> <span class='ocrx_word' id='word_1_183' title='bbox 1119 3140 1276 3221; x_wconf 83' lang='lat' dir='ltr'>sormam</span> 
     </span>
     <span class='ocr_line' id='line_1_29' title="bbox 235 3242 1276 3328; baseline 0.003 -14"><span class='ocrx_word' id='word_1_184' title='bbox 235 3243 397 3315; x_wconf 88' lang='lat' dir='ltr'>ollationi</span> <span class='ocrx_word' id='word_1_185' title='bbox 421 3243 550 3316; x_wconf 84' lang='lat' dir='ltr'>dedisse</span> <span class='ocrx_word' id='word_1_186' title='bbox 568 3242 781 3315; x_wconf 86' lang='lat' dir='ltr'>monstratus</span> <span class='ocrx_word' id='word_1_187' title='bbox 804 3243 881 3328; x_wconf 88' lang='lat' dir='ltr'>est,</span> <span class='ocrx_word' id='word_1_188' title='bbox 920 3242 980 3316; x_wconf 89' lang='lat' dir='ltr'>sed</span> <span class='ocrx_word' id='word_1_189' title='bbox 1002 3256 1141 3315; x_wconf 78' lang='lat' dir='ltr'>tanturn</span> <span class='ocrx_word' id='word_1_190' title='bbox 1166 3248 1276 3317; x_wconf 80' lang='lat' dir='ltr'>colia·</span> 
     </span>
     <span class='ocr_line' id='line_1_30' title="bbox 240 3340 1277 3434; baseline -0.004 -21"><span class='ocrx_word' id='word_1_191' title='bbox 240 3362 348 3422; x_wconf 92' lang='lat' dir='ltr'>onem</span> <span class='ocrx_word' id='word_1_192' title='bbox 368 3343 501 3415; x_wconf 89' lang='lat' dir='ltr'>debere</span> <span class='ocrx_word' id='word_1_193' title='bbox 523 3340 796 3430; x_wconf 79' lang='lat' dir='ltr'>fierijudicavit</span> <span class='ocrx_word' id='word_1_194' title='bbox 847 3341 956 3415; x_wconf 92' lang='lat' dir='ltr'>Unde</span> <span class='ocrx_word' id='word_1_195' title='bbox 969 3346 1137 3434; x_wconf 78' lang='lat' dir='ltr'>quoniam</span> <span class='ocrx_word' id='word_1_196' title='bbox 1154 3341 1277 3417; x_wconf 57' lang='lat' dir='ltr'>secun*</span> 
     </span>
     <span class='ocr_line' id='line_1_31' title="bbox 235 3440 1276 3535; baseline 0.004 -25"><span class='ocrx_word' id='word_1_197' title='bbox 235 3459 292 3512; x_wconf 90' lang='lat' dir='ltr'>om</span> <span class='ocrx_word' id='word_1_198' title='bbox 316 3441 522 3514; x_wconf 81' lang='lat' dir='ltr'>desiderium</span> <span class='ocrx_word' id='word_1_199' title='bbox 546 3440 701 3515; x_wconf 88' lang='lat' dir='ltr'>vestrum</span> <span class='ocrx_word' id='word_1_200' title='bbox 723 3442 854 3515; x_wconf 87' lang='lat' dir='ltr'>divinis</span> <span class='ocrx_word' id='word_1_201' title='bbox 879 3442 1091 3516; x_wconf 85' lang='lat' dir='ltr'>testimoniis</span> <span class='ocrx_word' id='word_1_202' title='bbox 1115 3440 1150 3511; x_wconf 90' lang='lat' dir='ltr'>sc</span> <span class='ocrx_word' id='word_1_203' title='bbox 1170 3462 1276 3535; x_wconf 81' lang='lat' dir='ltr'>agere</span> 
     </span>
     <span class='ocr_line' id='line_1_32' title="bbox 235 3540 1275 3635; baseline 0.001 -23"><span class='ocrx_word' id='word_1_204' title='bbox 235 3559 334 3612; x_wconf 86' lang='lat' dir='ltr'>orum</span> <span class='ocrx_word' id='word_1_205' title='bbox 351 3541 520 3632; x_wconf 84' lang='lat' dir='ltr'>prosessro</span> <span class='ocrx_word' id='word_1_206' title='bbox 538 3540 755 3633; x_wconf 86' lang='lat' dir='ltr'>declaravit,</span> <span class='ocrx_word' id='word_1_207' title='bbox 781 3542 874 3634; x_wconf 36' lang='lat' dir='ltr'>quid,</span> <span class='ocrx_word' id='word_1_208' title='bbox 886 3543 1033 3635; x_wconf 74' lang='lat' dir='ltr'>amplior</span> <span class='ocrx_word' id='word_1_209' title='bbox 1053 3540 1275 3625; x_wconf 82' lang='lat' dir='ltr'>desrderetir,</span> 
     </span>
     <span class='ocr_line' id='line_1_33' title="bbox 235 3658 351 3729; baseline 0.017 -18"><span class='ocrx_word' id='word_1_210' title='bbox 235 3658 351 3729; x_wconf 68' lang='lat' dir='ltr'>[nuru.</span> 
     </span>
    </p>

    <p class='ocr_par' dir='ltr' id='par_1_4' title="bbox 235 3734 1309 4032">
     <span class='ocr_line' id='line_1_34' title="bbox 281 3734 1274 3834; baseline 0.001 -23"><span class='ocrx_word' id='word_1_211' title='bbox 281 3760 340 3828; x_wconf 82' lang='lat'>52.</span> <span class='ocrx_word' id='word_1_212' title='bbox 370 3740 549 3811; x_wconf 82' lang='lat' dir='ltr'>Petilianus</span> <span class='ocrx_word' id='word_1_213' title='bbox 572 3740 736 3834; x_wconf 83' lang='lat' dir='ltr'>Episcopus</span> <span class='ocrx_word' id='word_1_214' title='bbox 757 3742 862 3811; x_wconf 80' lang='lat' dir='ltr'>dixit:</span> <span class='ocrx_word' id='word_1_215' title='bbox 897 3738 1120 3832; x_wconf 80' lang='lat' dir='ltr'>Apertiffime</span> <span class='ocrx_word' id='word_1_216' title='bbox 1142 3734 1274 3812; x_wconf 81' lang='lat' dir='ltr'>inteili-</span> 
     </span>
     <span class='ocr_line' id='line_1_35' title="bbox 235 3837 1309 3934; baseline 0.005 -27"><span class='ocrx_word' id='word_1_217' title='bbox 235 3841 315 3929; x_wconf 88' lang='lat' dir='ltr'>itur,</span> <span class='ocrx_word' id='word_1_218' title='bbox 332 3860 397 3912; x_wconf 91' lang='lat' dir='ltr'>eos</span> <span class='ocrx_word' id='word_1_219' title='bbox 412 3837 603 3911; x_wconf 88' lang='lat' dir='ltr'>diffidentia</span> <span class='ocrx_word' id='word_1_220' title='bbox 623 3842 685 3910; x_wconf 90' lang='lat' dir='ltr'>vei</span> <span class='ocrx_word' id='word_1_221' title='bbox 704 3838 784 3913; x_wconf 91' lang='lat' dir='ltr'>sero</span> <span class='ocrx_word' id='word_1_222' title='bbox 800 3840 940 3934; x_wconf 90' lang='lat' dir='ltr'>pudore</span> <span class='ocrx_word' id='word_1_223' title='bbox 957 3842 993 3911; x_wconf 92' lang='lat' dir='ltr'>id</span> <span class='ocrx_word' id='word_1_224' title='bbox 1011 3859 1130 3934; x_wconf 81' lang='lat' dir='ltr'>agere,</span> <span class='ocrx_word' id='word_1_225' title='bbox 1149 3860 1195 3911; x_wconf 93' lang='lat' dir='ltr'>ne</span> <span class='ocrx_word' id='word_1_226' title='bbox 1212 3862 1273 3931; x_wconf 87' lang='lat' dir='ltr'>pe·</span> <span class='ocrx_word' id='word_1_227' title='bbox 1306 3869 1309 3873; x_wconf 57' lang='grc'>’</span> 
     </span>
     <span class='ocr_line' id='line_1_36' title="bbox 238 3938 1273 4032; baseline 0.005 -25"><span class='ocrx_word' id='word_1_228' title='bbox 238 3939 374 4013; x_wconf 90' lang='lat' dir='ltr'>tionem</span> <span class='ocrx_word' id='word_1_229' title='bbox 392 3938 485 4011; x_wconf 84' lang='lat' dir='ltr'>suam</span> <span class='ocrx_word' id='word_1_230' title='bbox 501 3942 667 4010; x_wconf 84' lang='lat' dir='ltr'>omnibus</span> <span class='ocrx_word' id='word_1_231' title='bbox 685 3941 891 4032; x_wconf 88' lang='lat' dir='ltr'>publicent,</span> <span class='ocrx_word' id='word_1_232' title='bbox 915 3941 1081 4029; x_wconf 79' lang='lat' dir='ltr'>quoniam</span> <span class='ocrx_word' id='word_1_233' title='bbox 1099 3960 1164 4011; x_wconf 86' lang='lat' dir='ltr'>eos</span> <span class='ocrx_word' id='word_1_234' title='bbox 1184 3956 1273 4012; x_wconf 87' lang='lat' dir='ltr'>con·</span> 
     </span>
    </p>
   </div>
   <div class='ocr_carea' id='block_1_3' title="bbox 235 4037 1273 4205">
    <p class='ocr_par' dir='ltr' id='par_1_5' title="bbox 235 4037 1273 4205">
     <span class='ocr_line' id='line_1_37' title="bbox 235 4037 1273 4205; baseline 0.003 -95"><span class='ocrx_word' id='word_1_235' title='bbox 235 4050 271 4110; x_wconf 80' lang='lat' dir='ltr'>et</span> <span class='ocrx_word' id='word_1_236' title='bbox 288 4037 554 4138; x_wconf 82' lang='lat' dir='ltr'>clementiffimo</span> <span class='ocrx_word' id='word_1_237' title='bbox 570 4039 784 4132; x_wconf 80' lang='lat' dir='ltr'>imperatori</span> <span class='ocrx_word' id='word_1_238' title='bbox 799 4039 984 4115; x_wconf 81' lang='lat' dir='ltr'>mentitur.</span> <span class='ocrx_word' id='word_1_239' title='bbox 1010 4040 1061 4113; x_wconf 83' lang='lat' dir='ltr'>Et</span> <span class='ocrx_word' id='word_1_240' title='bbox 1078 4039 1273 4205; x_wconf 37' lang='lat' dir='ltr'>uiaeque.</span> 
     </span>
     <span class='ocr_line' id='line_1_38' title="bbox 1164 4151 1236 4203; baseline -0.042 0"><span class='ocrx_word' id='word_1_241' title='bbox 1164 4151 1236 4203; x_wconf 62' lang='lat' dir='ltr'>cxx·</span> 
     </span>
    </p>
   </div>
   <div class='ocr_carea' id='block_1_4' title="bbox 0 0 1604 4784">
    <p class='ocr_par' dir='ltr' id='par_1_6' title="bbox 0 0 1604 4784">
     <span class='ocr_line' id='line_1_39' title="bbox 0 0 1604 4784; baseline 0 0"><span class='ocrx_word' id='word_1_242' title='bbox 0 0 1604 4784; x_wconf 95' lang='lat' dir='ltr'> </span> 
     </span>
    </p>
   </div>
  </div>
 </body>
</html>
