3200 4784
513 409 733 499 105²!ss
793 446 797 450 “

518 600 851 694 geram,
906 597 1249 660 omnem
1288 591 1714 664 externam
1757 568 2116 662 formam
2153 597 2442 664 mente
2481 577 2665 668 reti·

517 718 789 784 neam.
928 688 1284 774 Pertinet
1336 689 1651 801 quippe
1695 686 1800 772 ad
1857 693 2140 799 primae
2191 689 2657 798 juventutis

518 831 730 896 meae
778 801 1377 917 phantasmata}
1464 801 1630 890 Sed
1680 800 1910 916 quod
1953 802 2117 894 hoc
2163 833 2438 898 unum
2489 829 2656 896 tam

514 920 677 1008 alte
714 915 1073 1020 haeserit,
1136 942 1333 1004 cum
1370 917 1459 1003 &
1494 915 1853 1028 plurima
1886 915 2228 1030 legerim
2267 920 2354 1010 &
2387 919 2657 1007 audie·

511 1039 675 1126 rim
727 1030 1013 1120 eadem
1055 1054 1326 1132 aetate,
1389 1037 1764 1144 'quorum
1817 1059 2042 1120 nunc
2091 1038 2423 1146 penitus
2475 1033 2658 1126 sum

515 1148 863 1248 oblituS,
928 1150 1015 1232 in
1055 1143 1284 1232 causa
1319 1140 1535 1234 forte
1574 1145 1732 1250 est,
1799 1147 2396 1260 imaginationis
2445 1177 2655 1238 rneae

516 1261 691 1354 talis
750 1259 1160 1360 conditio,
1222 1283 1320 1344 ut
1369 1257 1591 1374 quasi
1630 1259 1997 1373 quodam
2049 1285 2358 1354 naturae
2405 1262 2650 1375 ipsius

512 1374 993 1491 privilegio,
1054 1376 1389 1459 vetustae
1428 1372 1846 1488 religionis
1885 1378 2255 1487 templis,
2317 1403 2649 1489 magna·

510 1517 718 1697 ἔξω.
761 1489 1066 1578 aediurn
1112 1491 1375 1578 ruinis
1406 1547 1431 1595 ‚
1508 1488 1595 1574 δε
1641 1487 1896 1580 r'ebus
1953 1493 2320 1584 tristibus
2379 1493 2653 1615 magis

652 1627 938 1692 matur.

438 1787 443 1792 .
530 1747 535 1752 ·
598 1783 609 1794 ,
682 1717 1132 1804 Circumeo
1183 1716 1475 1822 tacitus
1528 1713 1942 1824 templum
1983 1715 2246 1808 multa
2309 1743 2654 1807 mecum

507 1830 957 1935 meditans,
1000 1857 1197 1916 cum
1224 1857 1413 1916 ecce
1446 1829 1800 1920 Aeditua
1831 1836 2238 1932 occurrit,
2298 1829 2651 1924 officiosa

510 1942 906 2051 foemina,
996 1945 1363 2052 clavium·
1401 1940 1734 2057 fragore
1783 1944 2352 2037 meditationes
2412 1950 2655 2031 inter·

509 2064 889 2171 rumpit,
933 2062 1019 2170 &
1064 2057 1342 2146 videre
1389 2057 1618 2143 sacrae
1653 2057 1848 2146 aedis
1881 2059 2277 2174 quasdam
2313 2086 2646 2143 venera-

446 2281 453 2288 .
509 2174 720 2263 biles
755 2174 1143 2286 reliquias
1181 2195 1493 2260 monet.
1552 2171 1686 2264 Ut·
1706 2197 1838 2256 res
1876 2173 2036 2282 jam
2075 2172 2258 2263 sunt
2287 2171 2648 2281 ludicrae,

508 2289 611 2376 ἃ·
630 2314 734 2373 ex
787 2288 1189 2374 Monaehi
1238 2286 1449 2372 illius
1502 2289 1590 2375 in
1626 2286 1964 2377 novellis
2000 2287 2409 2394 Boccacii,
2469 2286 2644 2379 offi-

508 2408 687 2492 cina
736 2400 1191 2511 deprorntae
1246 2401 1681 2502 videntur,
1747 2405 1853 2486 ita
1886 2400 2140 2488 risum
2172 2429 2305 2488 ma
2369 2405 2432 2485 is
2469 2419 2684 2491 mo-‘

501 2521 651 2638 vit·
680 2518 1043 2606 recitatio
1096 2513 1450 2600 eredulae
1502 2511 1913 2618 fceminae,
1975 2520 2290 2607 circum
2333 2540 2644 2608 oraneo

508 2657 801 2724 rerum
855 2629 1357 2744 mirabilium
1410 2631 1884 2742 ostentatori
1935 2629 2408 2738 simillimae,
2477 2652 2644 2716 tam

530 2769 874 2831 [πτκῡειε
1017 2767 1127 2831 ut
1196 2743 1610 2831 historiam
1691 2770 1795 2827 ex
1871 2742 2143 2827 officio
2219 2747 2639 2831 meino-rite
