3200 4784
346 405 348 410 '
397 397 1185 502 ‚oaDonar1tnauuu'll1anoa1t.
1254 399 1324 494 267

261 579 341 644 tate
360 564 694 640 salsitatemeorum
713 560 949 654 abhorrentes
972 559 1015 632 ad
1038 555 1230 656 Ecclesiam
1254 558 1330 634 Dei

263 669 568 758 Catholicamper
588 659 793 762 universum
809 659 978 732 mundum
993 656 1171 752 diffusam,
1198 659 1330 733 ordine

262 773 414 864 antiquo
440 785 504 857 per
530 783 654 837 manus
680 759 944 862 impositionem
967 761 1106 850 recepti
1134 755 1235 850 sunt,
1267 760 1331 832 de·

262 869 352 941 bere
377 865 507 937 talibus
534 861 788 954 suscipiendum
808 877 935 932 munus
954 856 1247 948 Clericatucnon
1266 859 1331 933 im-

261 967 386 1062 pedire
400 984 535 1037 nomen
554 963 705 1051 erroris,
733 980 814 1032 cum
833 979 955 1031 veram
974 956 1166 1031 Ecclesiam
1183 960 1330 1038 illorum

264 1067 475 1161 putaverint
496 1062 537 1135 ad
557 1059 663 1134 iidem
681 1057 912 1149 accedend0‚
939 1057 971 1129 u
990 1059 1038 1129 ibi
1057 1055 1199 1130 Christo
1216 1059 1332 1134 credi·

265 1166 409 1256 derint,
441 1161 680 1235 &Trinitatis
706 1157 921 1232 sacramenta
947 1159 1204 1249 perceperint3
1247 1181 1330 1252 que

267 1266 389 1339 omnia
403 1282 489 1335 vera
505 1263 537 1333 δι
551 1260 664 1334 sancta
680 1272 787 1350 atque
804 1259 925 1329 divina
941 1256 1008 1331 else
1025 1258 1247 1331 certissimum
1265 1260 1331 1354 bst,

269 1365 354 1438 &in
380 1364 432 1435 lris
459 1382 604 1434 omnem
630 1361 751 1433 anime
776 1356 870 1450 spem
897 1354 1137 1432 constitutam.
1196 1361 1332 1452 Quam·

267 1485 371 1556 quam
389 1464 420 1534 u
439 1463 691 1535 hereticorum
712 1455 897 1551 praesumta
915 1456 1060 1528 audacia
1077 1455 1242 1530 veritatis
1262 1479 1331 1532 no·

266 1567 363 1640 mine
380 1562 521 1655 palliata
538 1561 614 1632 hec
630 1558 774 1631 tradere
794 1558 948 1650 audeat,
975 1574 1052 1645 quae
1071 1558 1238 1646 quoniam
1256 1557 1333 1633 lim-

267 1664 375 1757 plicia
394 1660 495 1751 sunt,
522 1673 565 1731 ut
579 1669 778 1751 praemonet
799 1659 925 1730 beatus
947 1654 1145 1749 Apostolus
1163 1655 1333 1753 dicendo,

269 1783 363 1833 unus
386 1759 509 1850 Deus,
542 1779 613 1830 una
641 1755 755 1849 fides,
788 1777 899 1830 unum
920 1757 1116 1848 baptisma,
1152 1754 1334 1832 &iterari

272 1881 351 1935 uon
370 1861 497 1944 liceat,
530 1857 631 1947 *quod
649 1854 756 1930 semel
772 1855 846 1928 dari
862 1867 1033 1950 oportet,
1067 1858 1334 1932 anathemizato

271 1957 420 2032 nomine
442 1959 575 2029 erroris
601 1957 819 2051 recipiantur
842 1975 907 2048 per
927 1974 1051 2029 manus
1068 1956 1336 2048 imposrtionem

271 2059 309 2132 in
334 2077 441 2129 unam
462 2053 681 2146 Ecclesiam,
717 2055 946 2146 columbam,
980 2069 1020 2126 ut
1039 2052 1171 2130 dictum·
1192 2055 1265 2150 est,
1299 2059 1335 2132 dt

271 2177 378 2230 unam
396 2157 544 2228 matrem
562 2155 724 2228 omnium
738 2151 1038 2238 Christianorum,
1061 2156 1123 2227 ubi
1140 2158 1260 2230 omnia
1275 2160 1336 2231 illa

271 2256 489 2330 sacramenta
511 2251 697 2328 salubriter
718 2253 903 2326 &aterna
925 2253 958 2325 dt
978 2254 1136 2336 vitaliter
1152 2259 1336 2350 accipiun.

271 2371 352 2428 tur:
389 2374 466 2446 quae
491 2352 799 2447 perseverantibus
818 2355 856 2426 in
879 2352 999 2426 haeresr
1017 2374 1177 2447 magnam
1196 2357 1338 2430 damna·

271 2455 383 2529 tionis
402 2474 542 2546 poenam
559 2456 799 2545 conquirunt,
824 2467 865 2524 ut
883 2452 981 2544 quod
1000 2453 1103 2524 eisin
1124 2457 1278 2528 veritate
1291 2456 1337 2532 ad

274 2567 441 2628 aeternam
461 2556 573 2626 vitam
594 2552 881 2643 consequendam
905 2549 992 2623 elset
1012 2552 1235 2647 luminolius,
1263 2556 1338 2630 hoc

272 2655 309 2727 in
330 2672 456 2726 errore
474 2652 516 2724 s1t
529 2652 752 2724 tenebrosrus
768 2662 875 2742 atque
892 2648 1103 2726 damnosius.
1156 2653 1267 2750 Quod
1284 2655 1340 2728 su·
1387 2733 1390 2740 ,

274 2758 413 2849 gientes
436 2753 600 2823 nonnulli
620 2752 652 2820 dr
671 2751 791 2822 matris
805 2748 972 2820 Ecclesrae
989 2751 1099 2820 ubera
1118 2753 1340 2847 cognoscen-

276 2865 358 2940 tes,
392 2852 452 2939 qui
476 2851 535 2920 illa
558 2851 679 2921 omnia
701 2847 815 2921 sancta
837 2847 1008 2940 Mysteria
1029 2854 1342 2934 amoreveritatic

277 2950 506 3024 crediderunt
527 2961 634 3039 atque
657 2962 919 3043 perceperunt,
947 2949 1073 3037 quibus
1090 2947 1342 3048 Sacramentu-

277 3071 356 3122 rum
382 3050 489 3121 rebus
513 3069 593 3120 eum
620 3050 705 3119 vitae
729 3051 835 3120 bonae
856 3049 1015 3140 probitas
1036 3049 1238 3145 accelserit,
1265 3053 1364 3134 smel

278 3150 390 3224 dubio
421 3150 463 3220 ad
489 3145 645 3220 officium
670 3144 868 3222 Clericatns
894 3148 983 3218 tales
1007 3145 1076 3220 elle
1092 3152 1343 3247 applicandos,

279 3250 313 3322 dt
330 3251 483 3320 maxime
499 3248 536 3319 ilr
551 3262 651 3320 tanta
663 3267 783 3319 rerum
797 3245 1022 3336 necestitate,
1047 3251 1165 3322 nullus
1181 3252 1253 3343 est,
1281 3254 1343 3344 qui

278 3368 356 3423 nou
382 3347 570 3422 concedat.
630 3350 843 3442 Quanquam
870 3349 1035 3418 nonnulli
1062 3349 1219 3440 ejusdem
1244 3351 1345 3426 sciiae

281 3448 412 3520 Clerici
439 3467 518 3518 cum
544 3448 709 3537 plebibus
736 3462 843 3536 atque
868 3447 1069 3543 honoribus
1096 3448 1163 3520 suis
1197 3451 1240 3522 ad
1273 3469 1345 3524 noa

280 3549 431 3621 transire
454 3543 676 3640 desiderent,
712 3548 771 3637 qui
796 3564 920 3618 amore
941 3547 1092 3619 honoris
1119 3563 1181 3620 aut
1206 3548 1346 3643 persua*

282 3649 370 3721 dent
396 3646 438 3719 ad
461 3647 600 3736 vitam,
637 3659 698 3717 aut
720 3646 881 3718 retinent
905 3644 948 3716 ad
971 3641 1129 3720 salutem.
1180 3646 1250 3720 Sed
1272 3650 1349 3723 hoc

283 3749 411 3840 majori
437 3744 599 3818 Fratrum
625 3740 903 3837 supradislorum
930 3743 1207 3820 consrderationi
1231 3750 1350 3825 dimit·

286 3850 433 3918 tendum
456 3841 614 3936 censeo,
647 3860 688 3916 ut
709 3844 934 3937 prudentiori
958 3842 1020 3916 suo
1045 3846 1196 3920 consulo
1218 3847 1349 3932 nostre

285 3943 515 4042 suggestionis
529 3942 729 4018 sermonem
747 3964 826 4016 cum
844 3941 1113 4038 perpenderint,
1130 3948 1269 4040 quidde
1282 3950 1349 4023 hac

285 4065 328 4121 re
348 4047 580 4144 eisplaceat,
604 4064 673 4124 noa
692 4041 911 4138 informare,
937 4043 1140 4142 dignentur.
1190 4047 1350 4126 Tantum

1253 4149 1299 4224 de
