3200 4784
1204 431 1313 504 xxxt

212 594 319 681 'nec
343 591 543 679 mediocri
563 585 640 684 illis
656 585 810 674 honori
836 584 914 687 est,
942 581 1141 673 nereum
1167 587 1314 701 multis

237 710 413 796 aliatum
430 711 642 792 civitatum
658 705 832 816 patriciis
849 706 945 788 viris
965 727 1204 788 commune.

195 865 199 874 ·
304 820 700 910 'Celebratiffimum
719 813 822 904 iilud
845 817 888 904 δι
909 819 1224 904 nmoeniffimum
1245 835 1314 902 ne·

236 961 360 1037 mur,
397 935 515 1047 quod
542 937 649 1018 inter
671 928 887 1045 Lipfiensrs
911 935 999 1046 agri
1024 931 1315 1018 memorabilia

207 1096 208 1099 κ
243 1051 336 1163 jure
362 1047 579 1150 censetur,
616 1044 836 1134 Rosenthal
867 1044 1047 1140 diuum,
1078 1043 1314 1158 praeteriisse

246 1161 357 1252 nefas
376 1160 526 1254 fuiffet.
907 1169 911 1176 '

327 1279 433 1365 Non
446 1276 581 1372 audeo
595 1271 721 1361 latino
738 1270 842 1361 illud
857 1278 1025 1361 nomine
1040 1271 1314 1386 compellare3

240 1391 389 1482 Arosa
412 1417 527 1477 certo
549 1389 707 1480 florum
721 1414 765 1473 re
796 1393 861 1475 ina
877 1393 1051 1499 etymon
1068 1387 1221 1474 ducere
1237 1391 1313 1474 mi-

241 1533 323 1605 nus
339 1507 463 1609 licet,
494 1531 622 1621 quam
644 1525 667 1590 a
688 1417 843 1618 pudo,
874 1499 1010 1589 nescio
1037 1530 1088 1587 an
1114 1507 1189 1588 toti
1219 1504 1314 1590 alias

243 1616 481 1707 Germaniae
498 1619 666 1720 ufitato,
697 1644 748 1704 an
766 1614 874 1705 hisce
890 1621 1005 1704 terris
1023 1621 1195 1730 proprio
1212 1619 1314 1704 idio·

241 1729 383 1838 nimo,
415 1736 550 1838 Roos,
587 1762 674 1849 quo
697 1730 896 1820 humidus
922 1724 993 1818 soli
1012 1732 1190 1845 ,depreffi
1215 1734 1314 1821 snus

242 1847 463 1935 indicatur.
1312 1937 1314 1945 ,

332 1960 433 2050 Huc
444 1958 709 2048 delativarios
724 1958 961 2048 miscuimus
975 1955 1197 2065 sermones,
1210 1989 1315 2077 quo·

243 2100 344 2162 tum
371 2101 543 2161 omnem
572 2082 787 2162 materiem
812 2075 894 2189 ipse
919 2075 1036 2162 locus
1061 2073 1316 2188 suppeditat:

246 2192 300 2278 de
321 2189 742 2301 Boehmio'primum‚
776 2194 900 2278 vicini
923 2195 1037 2304 pagi,
1078 2192 1316 2280 Gohlisrum

246 2328 418 2407 vocant,
449 2303 644 2409 domino,
671 2306 955 2421 magnifico&
974 2308 1173 2394 munifico
1197 2317 1239 2398 in
1263 2317 1318 2399 ci·

246 2443 323 2505 ves
350 2444 437 2503 non
460 2421 600 2538 minus
625 2445 671 2505 ae
693 2422 737 2506 in
761 2419 944 2508 subditos
969 2420 1203 2511 suos·virot
1243 2423 1332 2542 qui·

247 2531 318 2617 vel
342 2560 426 2617 una
449 2532 534 2634 illa,
576 2532 604 2618 fi
636 2557 769 2620 cetera
794 2536 941 2622 indicia
965 2534 1212 2643 defuiffent,
1249 2567 1317 2626 ara

247 2649 291 2732 in
325 2645 467 2732 medio
507 2661 691 2734 nemore.
710 2653 825 2735 inter·
853 2651 1023 2736 arbores
1058 2650 1176 2759 juxta
1206 2659 1318 2745 viam

199 2827 203 2838 .
248 2759 404 2862 creden,
431 2766 703 2846 attentionem
725 2789 862 2847 meam
882 2761 934 2847 ad
959 2761 997 2848 se
1020 2762 1232 2878 rapuiffet‚
1263 2793 1319 2858 at·

250 2903 337 2988 que
355 2873 486 2988 qualis
509 2871 660 2976 fuerit,
690 2874 939 2962 enuntiasset.
989 2877 1114 2968 Versa
1130 2882 1179 2968 ad
1203 2889 1318 2974 viam

247 3015 328 3075 ara
352 2989 474 3076 facies
499 2988 588 3080 hac
604 2989 730 3074 verba
753 2985 897 3077 refert:
928 2989 1130 3080 Sodalibus
1144 3002 1316 3106 gaudiis:

248 3102 349 3204 alia,
379 3099 677 3188 umbraculum
691 3104 935 3219 flumenque
951 3106 1189 3218 respiciens,
1208 3112 1316 3201 haec:

250 3213 446 3302 Solitariae
469 3217 719 3302 meditationi.
782 3217 890 3305 Dein
918 3219 970 3305 de
1003 3226 1126 3336 genio
1156 3225 1318 3337 populi,
1376 3291 1387 3304 .

247 3334 326 3448 qui
342 3326 696 3443 frequentiffimus
713 3328 823 3417 ultro
843 3338 1035 3448 citroque
1053 3337 1234 3423 meabat:
1265 3339 1318 3426 de

247 3443 397 3556 instato
416 3468 563 3556 totque
579 3448 795 3555 praeconiis
813 3447 1239 3560 celebrataLipfienfis
1256 3450 1337 3561 ju··

249 3559 435 3646 'ventutis
478 3562 604 3672 gratia
637 3563 798 3662 nativa,
843 3587 971 3674 quam
1006 3560 1320 3673 deprehendere

251 3671 445 3759 nondum
462 3671 564 3756 mihi
579 3668 762 3785 licuerit3
792 3681 866 3788 qui
885 3701 960 3762 nec
978 3700 1207 3787 corporum
1226 3675 1317 3768 vul·

251 3805 463 3901 tuumque
481 3781 634 3871 formas
654 3785 880 3890 admodum
900 3789 1088 3875 venustas
1106 3788 1240 3881 adhuc
1258 3795 1317 3881 vi·

250 3901 409 4000 deum,
438 3925 513 3986 nee
527 3895 703 3987 ¹roseum
725 3902 997 4018 vividumque
1012 3908 1053 3991 in
1071 3911 1185 4018 genis
1205 3909 1325 3994 colo.

248 4042 365 4118 rem,
395 4012 569 4102 sanitaris
596 4013 796 4121 indicem,
835 4012 1068 4133 formaque
1094 4018 1210 4108 velut
1235 4023 1317 4109 ani·

804 4167 813 4178 ‘
1128 4162 1259 4220 mam:
