<?xml version="1.0" encoding="UTF-8"?>
<!DOCTYPE html PUBLIC "-//W3C//DTD XHTML 1.0 Transitional//EN"
    "http://www.w3.org/TR/xhtml1/DTD/xhtml1-transitional.dtd">
<html xmlns="http://www.w3.org/1999/xhtml" xml:lang="en" lang="en">
 <head>
  <title>
</title>
<meta http-equiv="Content-Type" content="text/html;charset=utf-8" />
  <meta name='ocr-system' content='tesseract 3.04.00' />
  <meta name='ocr-capabilities' content='ocr_page ocr_carea ocr_par ocr_line ocrx_word'/>
</head>
<body>
  <div class='ocr_page' id='page_1' title='image "./operaomniasanct06librgoog_0314.png"; bbox 0 0 3200 4784; ppageno 0'>
   <div class='ocr_carea' id='block_1_1' title="bbox 520 373 2147 474">
    <p class='ocr_par' dir='ltr' id='par_1_1' title="bbox 520 373 2147 474">
     <span class='ocr_line' id='line_1_1' title="bbox 520 373 2147 474; baseline 0.002 -26"><span class='ocrx_word' id='word_1_1' title='bbox 520 379 663 457; x_wconf 83' lang='lat'>268</span> <span class='ocrx_word' id='word_1_2' title='bbox 1028 373 1687 451; x_wconf 64' lang='lat' dir='ltr'>Mommzwra</span> <span class='ocrx_word' id='word_1_3' title='bbox 1737 375 2147 474; x_wconf 63' lang='lat' dir='ltr'>verena</span> 
     </span>
    </p>
   </div>
   <div class='ocr_carea' id='block_1_2' title="bbox 518 533 2744 1030">
    <p class='ocr_par' dir='ltr' id='par_1_2' title="bbox 518 533 2744 1030">
     <span class='ocr_line' id='line_1_2' title="bbox 522 533 2674 634; baseline 0.001 -22"><span class='ocrx_word' id='word_1_4' title='bbox 522 537 681 629; x_wconf 84' lang='lat' dir='ltr'>his,</span> <span class='ocrx_word' id='word_1_5' title='bbox 746 535 869 627; x_wconf 88' lang='lat' dir='ltr'>qui</span> <span class='ocrx_word' id='word_1_6' title='bbox 908 533 1217 609; x_wconf 83' lang='lat' dir='ltr'>infantes</span> <span class='ocrx_word' id='word_1_7' title='bbox 1254 537 1595 626; x_wconf 85' lang='lat' dir='ltr'>baptizati</span> <span class='ocrx_word' id='word_1_8' title='bbox 1641 536 1841 629; x_wconf 84' lang='lat' dir='ltr'>sunt,</span> <span class='ocrx_word' id='word_1_9' title='bbox 1907 537 2278 634; x_wconf 84' lang='lat' dir='ltr'>satagimus</span> <span class='ocrx_word' id='word_1_10' title='bbox 2301 547 2346 629; x_wconf 79' lang='lat'>,¹</span> <span class='ocrx_word' id='word_1_11' title='bbox 2407 549 2506 609; x_wconf 86' lang='lat' dir='ltr'>ut</span> <span class='ocrx_word' id='word_1_12' title='bbox 2545 559 2674 614; x_wconf 86' lang='lat' dir='ltr'>no·</span> 
     </span>
     <span class='ocr_line' id='line_1_3' title="bbox 520 634 2674 728; baseline 0.001 -18"><span class='ocrx_word' id='word_1_13' title='bbox 520 635 723 720; x_wconf 81' lang='lat' dir='ltr'><strong>sttae,</strong></span> <span class='ocrx_word' id='word_1_14' title='bbox 772 634 825 708; x_wconf 85' lang='lat' dir='ltr'><strong>fi</strong></span> <span class='ocrx_word' id='word_1_15' title='bbox 860 636 1133 728; x_wconf 87' lang='lat' dir='ltr'>placet,</span> <span class='ocrx_word' id='word_1_16' title='bbox 1184 636 1255 708; x_wconf 90' lang='lat' dir='ltr'>in</span> <span class='ocrx_word' id='word_1_17' title='bbox 1290 635 1539 708; x_wconf 87' lang='lat' dir='ltr'>iisdem</span> <span class='ocrx_word' id='word_1_18' title='bbox 1578 637 1990 709; x_wconf 83' lang='lat' dir='ltr'>ordinandis</span> <span class='ocrx_word' id='word_1_19' title='bbox 2027 636 2504 710; x_wconf 76' lang='lat' dir='ltr'>consentiant</span> <span class='ocrx_word' id='word_1_20' title='bbox 2547 662 2674 712; x_wconf 89' lang='lat' dir='ltr'>vo-</span> 
     </span>
     <span class='ocr_line' id='line_1_4' title="bbox 520 734 2744 830; baseline 0 -20"><span class='ocrx_word' id='word_1_21' title='bbox 520 735 808 810; x_wconf 81' lang='lat' dir='ltr'>luntati.</span> <span class='ocrx_word' id='word_1_22' title='bbox 926 734 1187 808; x_wconf 84' lang='lat' dir='ltr'>Omnia</span> <span class='ocrx_word' id='word_1_23' title='bbox 1238 755 1455 828; x_wconf 85' lang='lat' dir='ltr'>erg0‚</span> <span class='ocrx_word' id='word_1_24' title='bbox 1524 756 1679 826; x_wconf 86' lang='lat' dir='ltr'>quae</span> <span class='ocrx_word' id='word_1_25' title='bbox 1729 735 2044 828; x_wconf 84' lang='lat' dir='ltr'>superius</span> <span class='ocrx_word' id='word_1_26' title='bbox 2096 739 2666 830; x_wconf 85' lang='lat' dir='ltr'>comprehendi·</span> <span class='ocrx_word' id='word_1_27' title='bbox 2737 743 2744 760; x_wconf 80' lang='grc'><em>“</em></span> 
     </span>
     <span class='ocr_line' id='line_1_5' title="bbox 519 831 2668 930; baseline 0.004 -25"><span class='ocrx_word' id='word_1_28' title='bbox 519 855 719 922; x_wconf 86' lang='lat' dir='ltr'>mus,</span> <span class='ocrx_word' id='word_1_29' title='bbox 772 837 958 926; x_wconf 87' lang='lat' dir='ltr'>apud</span> <span class='ocrx_word' id='word_1_30' title='bbox 996 831 1267 906; x_wconf 67' lang='lat' dir='ltr'>sanc&#39;tos</span> <span class='ocrx_word' id='word_1_31' title='bbox 1304 833 1700 929; x_wconf 86' lang='lat' dir='ltr'>Episcopos</span> <span class='ocrx_word' id='word_1_32' title='bbox 1731 839 1999 930; x_wconf 86' lang='lat' dir='ltr'>agenda</span> <span class='ocrx_word' id='word_1_33' title='bbox 2033 834 2170 909; x_wconf 86' lang='lat' dir='ltr'>esse</span> <span class='ocrx_word' id='word_1_34' title='bbox 2201 857 2502 911; x_wconf 89' lang='lat' dir='ltr'>mecum</span> <span class='ocrx_word' id='word_1_35' title='bbox 2543 840 2668 912; x_wconf 90' lang='lat' dir='ltr'>ho·</span> 
     </span>
     <span class='ocr_line' id='line_1_6' title="bbox 518 933 2058 1030; baseline 0.001 -20"><span class='ocrx_word' id='word_1_36' title='bbox 518 934 867 1010; x_wconf 80' lang='lat' dir='ltr'>notabilis</span> <span class='ocrx_word' id='word_1_37' title='bbox 900 933 1335 1008; x_wconf 83' lang='lat' dir='ltr'>Fraternitas</span> <span class='ocrx_word' id='word_1_38' title='bbox 1366 933 1597 1008; x_wconf 86' lang='lat' dir='ltr'>vestra</span> <span class='ocrx_word' id='word_1_39' title='bbox 1635 937 2058 1030; x_wconf 86' lang='lat' dir='ltr'><strong>perpendat.</strong></span> 
     </span>
    </p>
   </div>
   <div class='ocr_carea' id='block_1_3' title="bbox 1441 1127 1840 1158">
    <p class='ocr_par' dir='ltr' id='par_1_3' title="bbox 1441 1127 1840 1158">
     <span class='ocr_line' id='line_1_7' title="bbox 1441 1127 1840 1158; baseline 0 0"><span class='ocrx_word' id='word_1_40' title='bbox 1441 1127 1840 1158; x_wconf 95' lang='lat' dir='ltr'> </span> 
     </span>
    </p>
   </div>
   <div class='ocr_carea' id='block_1_4' title="bbox 1040 1130 1437 1157">
    <p class='ocr_par' dir='ltr' id='par_1_4' title="bbox 1040 1130 1437 1157">
     <span class='ocr_line' id='line_1_8' title="bbox 1040 1130 1437 1157; baseline 0 0"><span class='ocrx_word' id='word_1_41' title='bbox 1040 1130 1437 1157; x_wconf 95' lang='lat' dir='ltr'> </span> 
     </span>
    </p>
   </div>
   <div class='ocr_carea' id='block_1_5' title="bbox 1843 1132 2239 1159">
    <p class='ocr_par' dir='ltr' id='par_1_5' title="bbox 1843 1132 2239 1159">
     <span class='ocr_line' id='line_1_9' title="bbox 1843 1132 2239 1159; baseline 0 0"><span class='ocrx_word' id='word_1_42' title='bbox 1843 1132 2239 1159; x_wconf 95' lang='lat' dir='ltr'> </span> 
     </span>
    </p>
   </div>
   <div class='ocr_carea' id='block_1_6' title="bbox 2244 1113 2745 1186">
    <p class='ocr_par' dir='ltr' id='par_1_6' title="bbox 2244 1113 2745 1186">
     <span class='ocr_line' id='line_1_10' title="bbox 2244 1113 2745 1186; baseline 0.016 -8"><span class='ocrx_word' id='word_1_43' title='bbox 2244 1113 2745 1186; x_wconf 45' lang='grc' dir='ltr'>ἕνθ’</span> 
     </span>
    </p>
   </div>
   <div class='ocr_carea' id='block_1_7' title="bbox 538 1127 1037 1180">
    <p class='ocr_par' dir='ltr' id='par_1_7' title="bbox 538 1127 1037 1180">
     <span class='ocr_line' id='line_1_11' title="bbox 538 1127 1037 1180; baseline -0.01 0"><span class='ocrx_word' id='word_1_44' title='bbox 538 1127 1037 1180; x_wconf 50' lang='grc' dir='ltr'>ΦΕ--Ξ--ἐ-ι·</span> 
     </span>
    </p>
   </div>
   <div class='ocr_carea' id='block_1_8' title="bbox 1444 1163 1838 1177">
    <p class='ocr_par' dir='ltr' id='par_1_8' title="bbox 1444 1163 1838 1177">
     <span class='ocr_line' id='line_1_12' title="bbox 1444 1163 1838 1177; baseline 0 3607"><span class='ocrx_word' id='word_1_45' title='bbox 1444 1163 1838 1177; x_wconf 95' lang='lat' dir='ltr'> </span> 
     </span>
    </p>
   </div>
   <div class='ocr_carea' id='block_1_9' title="bbox 1040 1162 1438 1181">
    <p class='ocr_par' dir='ltr' id='par_1_9' title="bbox 1040 1162 1438 1181">
     <span class='ocr_line' id='line_1_13' title="bbox 1040 1162 1438 1181; baseline 0 0"><span class='ocrx_word' id='word_1_46' title='bbox 1040 1162 1438 1181; x_wconf 95' lang='lat' dir='ltr'> </span> 
     </span>
    </p>
   </div>
   <div class='ocr_carea' id='block_1_10' title="bbox 1843 1165 2238 1181">
    <p class='ocr_par' dir='ltr' id='par_1_10' title="bbox 1843 1165 2238 1181">
     <span class='ocr_line' id='line_1_14' title="bbox 1843 1165 2238 1181; baseline 0 0"><span class='ocrx_word' id='word_1_47' title='bbox 1843 1165 2238 1181; x_wconf 95' lang='lat' dir='ltr'> </span> 
     </span>
    </p>
   </div>
   <div class='ocr_carea' id='block_1_11' title="bbox 1444 1281 1716 1359">
    <p class='ocr_par' dir='ltr' id='par_1_11' title="bbox 1444 1281 1716 1359">
     <span class='ocr_line' id='line_1_15' title="bbox 1444 1281 1716 1359; baseline 0.015 -5"><span class='ocrx_word' id='word_1_48' title='bbox 1444 1281 1716 1359; x_wconf 89' lang='lat' dir='ltr'>XLII.</span> 
     </span>
    </p>
   </div>
   <div class='ocr_carea' id='block_1_12' title="bbox 523 1385 2669 1535">
    <p class='ocr_par' dir='ltr' id='par_1_12' title="bbox 523 1385 2669 1535">
     <span class='ocr_line' id='line_1_16' title="bbox 523 1385 2669 1535; baseline 0.002 -4"><span class='ocrx_word' id='word_1_49' title='bbox 523 1385 1730 1532; x_wconf 78' lang='lat' dir='ltr'>cARTHAGINENsE</span> <span class='ocrx_word' id='word_1_50' title='bbox 1827 1445 2669 1535; x_wconf 85' lang='lat' dir='ltr'>CONCILIUM</span> 
     </span>
    </p>
   </div>
   <div class='ocr_carea' id='block_1_13' title="bbox 810 1594 2366 1672">
    <p class='ocr_par' dir='ltr' id='par_1_13' title="bbox 810 1594 2366 1672">
     <span class='ocr_line' id='line_1_17' title="bbox 810 1594 2366 1672; baseline 0.001 -4"><span class='ocrx_word' id='word_1_51' title='bbox 810 1594 1431 1670; x_wconf 82' lang='lat' dir='ltr'>AFRICAE</span> <span class='ocrx_word' id='word_1_52' title='bbox 1531 1597 2366 1672; x_wconf 87' lang='lat' dir='ltr'>UNIVERSAE</span> 
     </span>
    </p>
   </div>
   <div class='ocr_carea' id='block_1_14' title="bbox 563 1735 2627 1913">
    <p class='ocr_par' dir='ltr' id='par_1_14' title="bbox 563 1735 2627 1913">
     <span class='ocr_line' id='line_1_18' title="bbox 1246 1735 1923 1805; baseline -0.001 -17"><span class='ocrx_word' id='word_1_53' title='bbox 1246 1740 1315 1794; x_wconf 72' lang='lat' dir='ltr'>A.</span> <span class='ocrx_word' id='word_1_54' title='bbox 1354 1735 1611 1791; x_wconf 80' lang='lat' dir='ltr'>CCCCI.</span> <span class='ocrx_word' id='word_1_55' title='bbox 1664 1752 1744 1798; x_wconf 84' lang='lat'>13.</span> <span class='ocrx_word' id='word_1_56' title='bbox 1780 1739 1923 1805; x_wconf 81' lang='lat' dir='ltr'>Sept.</span> 
     </span>
     <span class='ocr_line' id='line_1_19' title="bbox 563 1845 2627 1913; baseline 0.002 -4"><span class='ocrx_word' id='word_1_57' title='bbox 563 1849 699 1910; x_wconf 86' lang='lat' dir='ltr'>DE</span> <span class='ocrx_word' id='word_1_58' title='bbox 766 1845 1798 1910; x_wconf 81' lang='lat' dir='ltr'>RECONCILIANDIS</span> <span class='ocrx_word' id='word_1_59' title='bbox 1863 1850 2627 1913; x_wconf 80' lang='lat' dir='ltr'><strong>DONATISTIS.</strong></span> 
     </span>
    </p>
   </div>
   <div class='ocr_carea' id='block_1_15' title="bbox 496 2012 2659 2785">
    <p class='ocr_par' dir='ltr' id='par_1_15' title="bbox 496 2012 2659 2785">
     <span class='ocr_line' id='line_1_20' title="bbox 496 2012 2659 2189; baseline 0.003 -105"><span class='ocrx_word' id='word_1_60' title='bbox 496 2014 999 2189; x_wconf 78' lang='lat' dir='ltr'>-Vincentio</span> <span class='ocrx_word' id='word_1_61' title='bbox 1057 2014 1124 2086; x_wconf 87' lang='lat'>&amp;</span> <span class='ocrx_word' id='word_1_62' title='bbox 1178 2013 1467 2087; x_wconf 89' lang='lat' dir='ltr'>Flavito</span> <span class='ocrx_word' id='word_1_63' title='bbox 1522 2015 1694 2085; x_wconf 90' lang='lat' dir='ltr'>viris</span> <span class='ocrx_word' id='word_1_64' title='bbox 1743 2014 2112 2087; x_wconf 87' lang='lat' dir='ltr'>clarissimis</span> <span class='ocrx_word' id='word_1_65' title='bbox 2168 2012 2659 2112; x_wconf 86' lang='lat' dir='ltr'>Consulibus,</span> 
     </span>
     <span class='ocr_line' id='line_1_21' title="bbox 720 2112 2658 2207; baseline 0.002 -21"><span class='ocrx_word' id='word_1_66' title='bbox 720 2113 958 2186; x_wconf 88' lang='lat' dir='ltr'>Idibus</span> <span class='ocrx_word' id='word_1_67' title='bbox 1000 2112 1436 2204; x_wconf 84' lang='lat' dir='ltr'>Septembris</span> <span class='ocrx_word' id='word_1_68' title='bbox 1488 2112 1921 2207; x_wconf 80' lang='lat' dir='ltr'>Carthagine</span> <span class='ocrx_word' id='word_1_69' title='bbox 1966 2117 2038 2185; x_wconf 92' lang='lat' dir='ltr'>in</span> <span class='ocrx_word' id='word_1_70' title='bbox 2077 2115 2490 2188; x_wconf 87' lang='lat' dir='ltr'>Secretario</span> <span class='ocrx_word' id='word_1_71' title='bbox 2521 2117 2658 2190; x_wconf 91' lang='lat' dir='ltr'>Ba-</span> 
     </span>
     <span class='ocr_line' id='line_1_22' title="bbox 513 2210 2658 2308; baseline -0 -19"><span class='ocrx_word' id='word_1_72' title='bbox 513 2212 725 2289; x_wconf 77' lang='lat' dir='ltr'>filicae</span> <span class='ocrx_word' id='word_1_73' title='bbox 764 2210 1171 2304; x_wconf 84' lang='lat' dir='ltr'>Restitutae‚</span> <span class='ocrx_word' id='word_1_74' title='bbox 1251 2234 1409 2284; x_wconf 90' lang='lat' dir='ltr'>curn</span> <span class='ocrx_word' id='word_1_75' title='bbox 1444 2217 1515 2283; x_wconf 89' lang='lat' dir='ltr'>in</span> <span class='ocrx_word' id='word_1_76' title='bbox 1560 2212 1896 2285; x_wconf 81' lang='lat' dir='ltr'>Concilio</span> <span class='ocrx_word' id='word_1_77' title='bbox 1933 2216 2346 2308; x_wconf 83' lang='lat' dir='ltr'>congregati</span> <span class='ocrx_word' id='word_1_78' title='bbox 2387 2219 2464 2288; x_wconf 90' lang='lat' dir='ltr'>in</span> <span class='ocrx_word' id='word_1_79' title='bbox 2519 2216 2658 2288; x_wconf 85' lang='lat' dir='ltr'>Ec-</span> 
     </span>
     <span class='ocr_line' id='line_1_23' title="bbox 516 2311 2653 2407; baseline 0 -21"><span class='ocrx_word' id='word_1_80' title='bbox 516 2314 723 2386; x_wconf 73' lang='lat' dir='ltr'>clesia</span> <span class='ocrx_word' id='word_1_81' title='bbox 757 2312 1288 2407; x_wconf 66' lang='lat' dir='ltr'>Carthaginensi</span> <span class='ocrx_word' id='word_1_82' title='bbox 1325 2311 1866 2385; x_wconf 70' lang='lat' dir='ltr'>consedissemus</span> <span class='ocrx_word' id='word_1_83' title='bbox 1898 2336 1986 2384; x_wconf 89' lang='lat' dir='ltr'>ex</span> <span class='ocrx_word' id='word_1_84' title='bbox 2021 2313 2378 2385; x_wconf 83' lang='lat' dir='ltr'>Africanis</span> <span class='ocrx_word' id='word_1_85' title='bbox 2411 2317 2653 2389; x_wconf 83' lang='lat' dir='ltr'>omni·</span> 
     </span>
     <span class='ocr_line' id='line_1_24' title="bbox 512 2410 2654 2505; baseline 0 -17"><span class='ocrx_word' id='word_1_86' title='bbox 512 2413 650 2488; x_wconf 87' lang='lat' dir='ltr'>bus</span> <span class='ocrx_word' id='word_1_87' title='bbox 686 2411 1087 2484; x_wconf 88' lang='lat' dir='ltr'>Provinciis</span> <span class='ocrx_word' id='word_1_88' title='bbox 1126 2410 1505 2505; x_wconf 83' lang='lat' dir='ltr'>Episcopi3</span> <span class='ocrx_word' id='word_1_89' title='bbox 1570 2414 1640 2484; x_wconf 88' lang='lat' dir='ltr'>id</span> <span class='ocrx_word' id='word_1_90' title='bbox 1679 2411 1779 2484; x_wconf 89' lang='lat' dir='ltr'>est</span> <span class='ocrx_word' id='word_1_91' title='bbox 1815 2411 2149 2484; x_wconf 85' lang='lat' dir='ltr'>Aurelius</span> <span class='ocrx_word' id='word_1_92' title='bbox 2185 2414 2514 2503; x_wconf 87' lang='lat' dir='ltr'>ejusdem</span> <span class='ocrx_word' id='word_1_93' title='bbox 2551 2414 2654 2488; x_wconf 90' lang='lat' dir='ltr'>se-</span> 
     </span>
     <span class='ocr_line' id='line_1_25' title="bbox 508 2509 2653 2606; baseline 0.002 -23"><span class='ocrx_word' id='word_1_94' title='bbox 508 2512 621 2584; x_wconf 80' lang='lat' dir='ltr'>dis</span> <span class='ocrx_word' id='word_1_95' title='bbox 666 2509 1062 2604; x_wconf 84' lang='lat' dir='ltr'>Episcopus</span> <span class='ocrx_word' id='word_1_96' title='bbox 1110 2533 1273 2585; x_wconf 89' lang='lat' dir='ltr'>cum</span> <span class='ocrx_word' id='word_1_97' title='bbox 1322 2511 1639 2606; x_wconf 85' lang='lat' dir='ltr'>Collegis</span> <span class='ocrx_word' id='word_1_98' title='bbox 1698 2512 1827 2583; x_wconf 78' lang='lat' dir='ltr'>suis</span> <span class='ocrx_word' id='word_1_99' title='bbox 1859 2565 1881 2598; x_wconf 86' lang='lat'>.,</span> <span class='ocrx_word' id='word_1_100' title='bbox 1953 2534 2132 2602; x_wconf 89' lang='lat' dir='ltr'>quos</span> <span class='ocrx_word' id='word_1_101' title='bbox 2183 2534 2432 2585; x_wconf 88' lang='lat' dir='ltr'>eorum</span> <span class='ocrx_word' id='word_1_102' title='bbox 2495 2512 2653 2587; x_wconf 83' lang='lat' dir='ltr'>sub·</span> 
     </span>
     <span class='ocr_line' id='line_1_26' title="bbox 509 2610 2650 2706; baseline 0 -22"><span class='ocrx_word' id='word_1_103' title='bbox 509 2610 1284 2706; x_wconf 85' lang='lat' dir='ltr'>scriptio&#39;manifestat:</span> <span class='ocrx_word' id='word_1_104' title='bbox 1350 2614 1666 2684; x_wconf 88' lang='lat' dir='ltr'>recitatis</span> <span class='ocrx_word' id='word_1_105' title='bbox 1703 2610 2036 2703; x_wconf 88' lang='lat' dir='ltr'>Epistolis</span> <span class='ocrx_word' id='word_1_106' title='bbox 2079 2613 2440 2685; x_wconf 85' lang='lat' dir='ltr'>beatiffimi</span> <span class='ocrx_word' id='word_1_107' title='bbox 2479 2613 2542 2685; x_wconf 90' lang='lat' dir='ltr'>F</span> <span class='ocrx_word' id='word_1_108' title='bbox 2543 2635 2650 2685; x_wconf 87' lang='lat' dir='ltr'>ra-</span> 
     </span>
     <span class='ocr_line' id='line_1_27' title="bbox 511 2703 2648 2785; baseline 0.002 -4"><span class='ocrx_word' id='word_1_109' title='bbox 511 2712 645 2782; x_wconf 87' lang='lat' dir='ltr'>tris</span> <span class='ocrx_word' id='word_1_110' title='bbox 720 2711 787 2782; x_wconf 87' lang='lat'>&amp;</span> <span class='ocrx_word' id='word_1_111' title='bbox 840 2709 1373 2783; x_wconf 87' lang='lat' dir='ltr'>consacerdotis</span> <span class='ocrx_word' id='word_1_112' title='bbox 1434 2712 1656 2783; x_wconf 86' lang='lat' dir='ltr'>nostri</span> <span class='ocrx_word' id='word_1_113' title='bbox 1704 2711 2042 2784; x_wconf 75' lang='lat' dir='ltr'>Anastasii</span> <span class='ocrx_word' id='word_1_114' title='bbox 2103 2703 2432 2783; x_wconf 65' lang='lat' dir='ltr'>Ecclesiae</span> <span class='ocrx_word' id='word_1_115' title='bbox 2493 2713 2648 2785; x_wconf 92' lang='lat' dir='ltr'>Ro-</span> 
     </span>
    </p>
   </div>
   <div class='ocr_carea' id='block_1_16' title="bbox 464 2834 511 2910">
    <p class='ocr_par' dir='ltr' id='par_1_16' title="bbox 464 2834 511 2910">
     <span class='ocr_line' id='line_1_28' title="bbox 464 2834 511 2910; baseline 0 1874"><span class='ocrx_word' id='word_1_116' title='bbox 464 2834 511 2910; x_wconf 95' lang='lat' dir='ltr'> </span> 
     </span>
    </p>
   </div>
   <div class='ocr_carea' id='block_1_17' title="bbox 464 2834 2750 4216">
    <p class='ocr_par' dir='ltr' id='par_1_17' title="bbox 464 2834 2750 4216">
     <span class='ocr_line' id='line_1_29' title="bbox 464 2834 2750 4216; baseline 0 0"><span class='ocrx_word' id='word_1_117' title='bbox 464 2834 2750 4216; x_wconf 95' lang='lat' dir='ltr'> </span> 
     </span>
    </p>
   </div>
  </div>
 </body>
</html>
