3200 4784
478 476 489 500 ⁸
569 389 713 472 166
1078 382 1742 462 Maxuma-rx
1789 385 2199 463 verena
2313 421 2318 428 ·

570 550 1010 641 veniuntur,
1051 546 1297 655 &ipsa
1334 535 1593 622 domus
1635 545 1994 636 diruitur?
2048 546 2147 620 Et
2183 543 2462 622 dixisti·
2515 550 2721 644 Quid

577 672 754 749 ergo
797 646 1190 722 faciemus?
1215 635 1342 718 ‘Et
1376 645 1519 749 dixi
1559 667 1701 743 ego
1741 649 1998 720 vobis.
2050 647 2305 719 Tollat
2345 650 2592 740 aliquis
2629 650 2725 728 de

578 752 796 824 vobis
830 752 906 822 in
940 748 1117 820 areis
1152 741 1291 819 ubi
1316 738 1691 820 orationes
1721 746 1954 821 facitis
1975 799 2001 838 ,
2051 747 2118 821 δι
2150 749 2297 821 illic
2327 765 2724 839 ponantur.

577 850 680 926 Et
717 870 857 945 ego
888 849 1112 922 venio
1143 866 1305 920 cum
1332 842 1758 920 officialibus
1796 847 1863 918 ἃ
1895 847 2131 937 t0110,
2166 847 2233 919 ὅτ
2259 869 2398 920 nos
2434 850 2563 921 illo
2595 872 2724 922 ve

579 953 816 1027 nimus
853 947 920 1019 δι
959 947 1205 1019 omnia
1238 945 1527 1017 tulimus
1565 945 1956 1021 secundum
1990 948 2382 1039 placitum,
2437 949 2503 1021 ἀ
2535 949 2724 1023 adus-

585 1050 796 1128 fimus
840 1045 1227 1120 secundum
1264 1042 1536 1118 sacrum
1580 1063 2040 1139 praeceptum.
2068 1047 2125 1087 “
2227 1048 2588 1121 Maximus
2627 1050 2728 1122 di-

584 1151 725 1226 xit·
783 1147 1153 1243 Quoniam
1187 1145 1336 1234 ejus
1372 1143 1690 1237 epistolae
1721 1161 1938 1218 tenor
1971 1144 2183 1218 etiam
2216 1147 2403 1239 apud
2437 1146 2585 1222 aeta
2618 1169 2729 1221 re-

589 1251 849 1320 citatus
891 1246 1032 1334 est,
1067 1265 1275 1335 quam
1310 1242 1455 1359 ipse
1490 1243 1856 1339 agnoviss‘e
1894 1266 1977 1316 ac
2012 1244 2255 1319 misisse
2292 1247 2507 1333 dixit,
2545 1269 2731 1340 quae-

530 1419 543 1434 „
589 1348 823 1422 fumus
870 1347 1017 1419 hoc
1074 1343 1238 1416 ac‘tis
1283 1345 1423 1418 tuis
1470 1343 2228 1435 haereat.Spe1-etius
2269 1347 2485 1419 dixit.
2541 1351 2728 1443 Quae

590 1443 861 1520 dixistis
910 1444 1166 1534 scripta
1199 1442 1378 1520 sunt.
1498 1442 1916 1516 Caecilianus
1962 1443 2331 1537 respondit
2361 1498 2386 1536 ,
2453 1468 2543 1517 ex
2589 1447 2722 1519 illo

595 1544 700 1619 est
733 1543 1006 1634 falsum,
1041 1563 1418 1634 quousque
1450 1541 1552 1614 est
1585 1542 1885 1638 epistola
1912 1565 2097 1633 mea,
2137 1566 2514 1635 quousque
2539 1545 2722 1620 dixi:
2763 1619 2768 1624 ,

596 1649 771 1724 Bene
801 1647 947 1714 vale
968 1663 1199 1736 parens
1230 1638 1495 1732 chariss
1469 1666 1630 1716 me
1713 1640 2038 1717 AElianus
2072 1642 2470 1717 Proconsul
2511 1645 2725 1718 dixit:

597 1747 841 1836 Quem
877 1743 1053 1815 dicis
1094 1739 1429 1814 addidiss'e
1465 1743 1550 1814 ad
1583 1741 2006 1834 epistolam?
2059 1740 2480 1816 Caecilianus
2518 1744 2727 1818 dixit.

590 1843 1030 1946 lugentium
1150 1837 1475 1918 AElianus
1529 1841 1872 1915 Procosul
1925 1844 2142 1917 dixit·
2212 1841 2556 1917 Profeffio
2603 1857 2728 1917 tua

594 1942 766 2020 afitis
798 1925 1042 2017 haeret‘.
1128 1938 1453 2014 AElianus
1486 1940 1883 2016 Proconsul
1915 1942 2247 2037 ingentio
2284 1942 2497 2016 dixit.
2532 1942 2729 2016 Tor-

598 2043 878 2136 queriS,
930 2061 1024 2115 ne
1050 2037 1439 2118 mentiaris,
1541 2040 1910 2139 ingentius
1946 2042 2160 2112 dixit.
2208 2040 2511 2124 Erravi,
2561 2043 2732 2114 huic

600 2139 921 2232 epistolae
979 2140 1274 2231 addidi,
1353 2140 1610 2215 dolens
1676 2141 1852 2215 caus
1924 2141 2159 2214 Mauri
2211 2139 2509 2234 hospitis
2562 2144 2726 2219 mei.

599 2236 927 2332 AElianus
996 2237 1392 2314 Proconsul
1470 2240 1694 2315 dixit:
1780 2239 1854 2313 C
1897 2239 2290 2316 nstmtinus
2369 2241 2731 2314 Maximus

601 2339 878 2431 semper
930 2338 1290 2436 Augustus
1343 2339 1411 2410 δι
1458 2340 1777 2414 Licinius
1829 2339 2176 2418 caesares,
2239 2343 2335 2413 ita
2387 2340 2733 2433 pietatem

603 2438 1012 2513 Christianis
1066 2440 1408 2512 exhibere
1460 2440 1879 2534 dignantur,
1942 2455 2026 2511 ut
2089 2438 2517 2531 disciplinam
2573 2460 2734 2511 cot

602 2531 835 2631 rumpi
872 2540 1156 2628 nolint,
1212 2537 1326 2613 sed
1362 2541 1609 2628 potius
1649 2533 2017 2612 observari
2049 2541 2474 2633 religionem
2510 2536 2736 2627 istam,

604 2638 674 2713 &
713 2639 856 2711 coli
896 2640 1148 2711 velint.
1252 2637 1433 2710 Noli
1471 2638 1715 2728 itaque
1756 2640 1886 2712 tibi
1930 2638 2272 2727 blandiri,
2328 2638 2523 2730 quod
2562 2639 2736 2708 mihi

606 2737 838 2827 dinsa,
892 2739 1386 2811 Demi-ionem
1434 2751 1506 2811 te
1550 2736 1739 2827 effe,
1795 2759 1875 2807 ac
1911 2753 2299 2831 propterea
2339 2758 2487 2811 nun
2527 2736 2731 2827 pullis
