3200 4784
578 386 745 474 156-
1079 359 1736 455 Moriuntur-A
1785 377 2193 454 Vna-ann

576 544 763 615 ceris
799 540 1057 634 ponit,
1107 552 1191 611 ut
1239 531 1325 613 ab
1369 536 1671 634 ingress'u
1711 554 1924 628 atque
1955 539 2148 610 aditu
2184 536 2522 632 cunEtos,
2577 543 2707 632 qui

573 637 846 715 viRum
879 694 904 733 ‚
973 652 1372 734 potumque
1416 641 1489 711 in
1540 657 1897 711 carcerem
1948 639 2395 731 Martyribus
2444 636 2702 714 affere-

572 737 799 831 bant,
863 738 1065 836 gravi
1117 736 1411 810 affectos
1460 737 1712 829 injuria
1749 736 2215 829 propulsaret.
2335 737 2432 811 Et
2480 741 2699 813 caede·

572 841 839 915 bantur
872 859 910 911 a
945 837 1327 910 Caeciliano
1359 836 1590 929 paffim
1618 888 1645 927 ,
1699 836 1817 927 qui
1860 836 1946 909 ad
1990 836 2285 915 alendos
2332 838 2695 931 Martyres

572 940 1012 1028 veniebant,
1064 936 1460 1010 fitientibus
1492 936 1684 1008 intus
1713 937 1783 1007 in
1815 937 2120 1009 vinculis
2159 934 2699 1012 Confefforibus

573 1039 842 1134 pocula
873 1036 1378 1134 frangebantur
1418 1048 1585 1107 ante
1622 1037 1925 1108 carceris
1966 1036 2246 1125 limina,
2297 1037 2434 1108 eibi
2467 1036 2703 1127 pasfim

572 1137 930 1213 lacerandi
965 1137 1255 1210 canibus
1290 1134 1798 1230 spargebantur
1820 1187 1845 1226 ‚
1891 1134 2228 1225 jacebant
2260 1149 2426 1208 ante
2461 1157 2704 1209 carce-

573 1238 673 1312 ris
713 1235 910 1309 fores
940 1235 1351 1328 Martyrum
1388 1249 1626 1327 patres
1672 1249 2077 1323 matresque
2117 1229 2577 1326 sanetiffimae,
2631 1234 2701 1306 δι

574 1339 669 1410 ab
702 1350 1026 1408 extremo
1062 1332 1446 1427 conspectu
1478 1335 1868 1408 liberorum
1901 1332 2156 1406 excuffi
2183 1353 2441 1428 graves
2477 1329 2698 1407 noete

573 1436 835 1525 dieque
870 1433 1147 1530 vigilias
1196 1434 1282 1506 ad
1333 1434 1587 1506 ostium
1622 1433 1924 1504 carceris
1960 1434 2420 1508 exercebant.
2520 1429 2700 1506 Erat

571 1534 789 1612 fietus
826 1533 1227 1622 horribilis,
1296 1532 1362 1603 &
1399 1533 1656 1603 acerba
1703 1531 2061 1623 omnium,
2115 1531 2231 1621 qui
2280 1530 2559 1619 aderat,
2599 1533 2696 1603 la-

573 1634 979 1722 mentatio,
1034 1630 1421 1722 prohibere
1458 1631 1621 1723 pios
1661 1630 2063 1721 Martyrum
2104 1631 2525 1723 complexus
2551 1684 2577 1722 ,
2632 1632 2701 1704 &

574 1732 825 1805 divelli
876 1751 914 1801 a
958 1730 1243 1821 pietatis
1289 1726 1535 1801 officio
1588 1726 2075 1822 Christianos,
2148 1727 2531 1804 Caeciliano
2582 1728 2698 1804 sae-

573 1831 825 1903 viente
852 1843 1164 1920 tyranno
1195 1827 1261 1902 &
1298 1830 1566 1902 crudeli
1609 1826 1965 1903 carnifice.

733 1939 843 2010 18.
897 1927 1182 2002 Interea
1226 1930 1591 2022 Martyres
1645 1927 1899 2006 Christi
1951 1947 2103 2002 non
2154 1929 2458 2001 carceris
2504 1927 2702 2018 squa-

484 2045 488 2050 ·
577 2029 750 2119 lor,
825 2048 979 2101 non
1033 2026 1383 2101 viscerum
1442 2028 1659 2100 dolor
1707 2049 1858 2099 non
1917 2027 2224 2117 denique
2270 2030 2413 2102 ulla
2460 2048 2696 2102 rerum

575 2130 878 2222 penuria
932 2129 1500 2214 commovebat3
1570 2123 1686 2198 sed
1737 2128 2005 2199 meritis
2053 2127 2198 2217 jam
2246 2125 2574 2200 Domino
2636 2129 2703 2200 δι

575 2224 1020 2299 confeffione
1094 2225 1315 2296 vicini
1388 2225 1722 2297 dixerunt
1788 2227 1863 2297 in
1933 2224 2262 2317 posteros
2340 2225 2634 2298 salutern
2668 2278 2694 2318 ,

571 2345 727 2419 quae
794 2344 1247 2397 communem
1311 2321 1678 2396 Christiani
1740 2325 2051 2397 nominis
2123 2327 2537 2421 progeniem
2604 2325 2693 2397 ab

571 2427 769 2498 omni
816 2423 1138 2496 recidiva
1178 2424 1693 2496 communione
1736 2420 2205 2497 Traditorum
2256 2423 2726 2518 secerneret„

566 2523 695 2599 sub
727 2526 848 2596 tali
888 2523 1489 2598 comminatione:
1551 2526 1774 2620 Siquis
1819 2520 2251 2594 ‘Traditon'bus
2281 2528 2689 2594 communica·

567 2630 785 2704 verit,
821 2627 1138 2694 nobiscum
1159 2633 1406 2719 partem
1439 2631 1511 2693 in
1546 2628 1750 2715 regnis
1775 2621 2095 2717 caelestibus
2123 2649 2249 2693 non
2279 2623 2539 2695 habebit.
2592 2619 2691 2695 Et

566 2724 757 2800 hanc
798 2720 1213 2797 sententiam
1255 2719 1442 2797 suam
1483 2722 1547 2795 S.
1583 2722 1883 2815 Spiritus
1926 2721 2349 2795 auctoritate
2385 2721 2690 2796 conscri-
