3200 4784
513 306 596 348 cunt
620 306 693 343 {tacu
714 306 935 362 putuetnnuu
955 306 1171 367 mettere,
1197 306 1235 347 111
1256 306 1420 371 Jussiclo

512 375 560 447 tis
574 389 643 443 tuae
658 371 887 461 noverimus,
908 374 991 459 quid
1010 373 1174 462 poffimus
1192 376 1422 469 responderi

398 549 401 554 ,
510 500 621 546 manu.
675 471 875 541 Montanus
905 467 1100 562 Episcopus
1128 474 1222 545 salva
1258 486 1422 572 appella

510 570 686 669 cognovi.
732 574 924 640 Vincentius
948 571 1113 666 Episcopus
1133 571 1273 670 Eccltfiae
1295 585 1422 658 Cutha,

508 676 601 750 Satis
625 674 772 764 longum
792 668 878 740 esta
897 671 1020 756 causa,
1054 671 1087 742 δι
1107 687 1237 764 praeter
1256 678 1366 754 hanc
1387 707 1422 757 ci

506 777 604 847 velle
630 784 817 862 repetere,
853 788 929 859 quae
956 769 1058 861 hujus
1078 773 1225 866 judicati
1253 790 1382 854 tenor
1411 788 1422 857 i

461 941 465 949 ,
505 870 744 964 inquisitionis
764 864 830 939 snae
850 869 999 939 omnino
1018 891 1093 942 non
1111 872 1285 961 quaesivit.
1332 884 1422 954 ΕΜ

505 968 739 1066 Recognovi.
783 973 966 1036 Montanus
989 970 1153 1066 Episcopus
1173 976 1286 1044 dixit.-
1327 980 1422 1058 Tua

504 1073 577 1162 est,
599 1070 696 1162 quod
713 1065 851 1160 flagito.
881 1068 928 1136 Et
942 1069 1007 1137 alia
1023 1095 1129 1140 manu.
1156 1071 1379 1155 Montanus
1396 1083 1422 1155 E

503 1169 733 1266 recognovi,
759 1163 860 1236 salvo
881 1171 1159 1257 provocationis
1180 1170 1333 1251 effeEtu.
1387 1190 1422 1258 'l

502 1271 669 1370 Episcopus
685 1267 816 1359 Eulefiae
829 1267 995 1335 Catholicae
1007 1270 1113 1338 dixit:
1139 1268 1358 1353 Definitiva
1383 1284 1422 1356 ei

502 1371 566 1466 qui
585 1369 767 1463 praefidet,
795 1363 988 1458 sententia,
1016 1370 1059 1464 ud
1086 1371 1168 1460 quid
1192 1391 1264 1445 nos
1289 1379 1340 1448 ad
1370 1383 1422 1455 ho

501 1474 596 1546 diem
613 1468 766 1554 distulit,
792 1463 874 1537 satis
891 1466 1036 1557 pudoris
1057 1467 1300 1565 essentne,
1334 1479 1422 1553 hoc

500 1573 615 1662 imus,
643 1568 741 1658 quod
758 1565 802 1637 de
821 1565 921 1637 causa
933 1566 1131 1656 judicamus
1154 1591 1221 1641 nos
1248 1573 1354 1664 ipsi?
1393 1581 1422 1655 Ε

499 1690 592 1743 cerei.
633 1671 679 1740 Et
695 1668 760 1735 alia
778 1689 885 1733 manu.
912 1664 1145 1760 Recognoui.
1188 1676 1422 1752 Montanus.

498 1774 603 1843 dixit:
629 1766 720 1839 Tuae
741 1763 889 1835 aetionis
911 1764 980 1854 est,
1007 1767 1105 1855 quod
1122 1767 1269 1865 flagito,
1298 1788 1347 1847 tu
1373 1780 1422 1852 fui

498 1883 574 1944 tum
594 1864 703 1939 causae
720 1861 949 1951 constituisti,
972 1878 1011 1933 tu
1028 1865 1069 1935 ad
1084 1865 1355 1958 imperatorem
1377 1900 1422 1952 cn

498 1968 662 2064 Oportet
687 1984 775 2059 ergo
802 1985 859 2033 me
884 1963 917 2033 δι
938 1965 1140 2037 mandatum
1161 1984 1337 2060 repetere
1368 1977 1411 2068 διΙ

496 2091 603 2159 nem,
633 2067 758 2154 quibus
775 2061 854 2132 usus
874 2062 914 2132 fis
933 2065 1073 2153 verbis,
1101 2080 1161 2156 ut,
1184 2090 1263 2141 cum
1286 2069 1422 2150 haec²o

490 2169 630 2264 judicio
646 2162 846 2236 nobilitatis
861 2176 930 2230 tuae
945 2163 1084 2234 anobis
1100 2163 1232 2238 fuerint
1243 2175 1422 2264 pertrait:

494 2267 635 2342 demum
660 2263 742 2355 quid
768 2261 914 2331 utilitati
939 2260 1067 2333 nostrae
1092 2267 1310 2360 conveniat,
1347 2279 1422 2350 vait

492 2365 683 2455 spondete.
724 2361 771 2433 Et
787 2362 853 2430 alia
871 2384 977 2434 manu.
1018 2359 1218 2436 Montanus
1237 2367 1422 2455 Episconi
