3200 4784
376 398 379 409 ’
410 419 470 475 oc
492 395 906 485 Do'nmsrnavu
929 372 1191 487 lixarum.
1257 412 1331 484 511

263 557 445 636 Emeritus
465 558 564 632 salvo
585 549 1134 651 nostraappellationis'effeuu
1155 578 1333 658 recogno·

263 665 316 735 vi.
354 664 561 731 Moscedinus
575 666 631 730 vir
648 656 839 749 cloroffimus
862 653 1026 727 Tribunus
1046 657 1084 732 (5
1102 663 1264 730 Notarius
1285 656 1334 734 di.

260 767 336 833 xii:
364 761 463 854 Quid
479 759 660 831 refertur?
686 760 877 852 Augusiioous
891 755 1053 852 Episcopus
1068 760 1158 828 Eccle
1169 784 1205 829 ou
1216 765 1334 832 Carsio-

259 863 330 934 licae
343 864 448 930 dixu.-
475 859 644 943 Personas
662 858 853 950 primodie
867 856 991 946 judicii
1009 856 1078 930 effe
1099 854 1281 952 firmatas,
1298 861 1334 934 &

260 960 427 1052 sequenti
445 962 552 1031 etiam
568 959 624 1030 die
642 957 935 1030 interlocutionis
955 972 1034 1031 tuae.
1065 960 1190 1029 Etcum
1204 963 1331 1037 dicerer.

261 1061 314 1135 Et
334 1062 400 1130 olio
419 1084 529 1132 manu.
569 1058 799 1153 Recognovi.
847 1058 1120 1127 Marcellinusvir
1142 1059 1333 1151 cloriffimus

267 1158 437 1236 Tribunus
453 1160 491 1234 (5
507 1163 671 1230 Notarius
688 1163 792 1227 dixit:
820 1154 929 1225 Aliud
949 1155 1129 1245 quaefitum
1147 1158 1208 1233 est.

342 1303 422 1354 100.
450 1279 644 1374 Augustinus
672 1277 841 1372 Episcopus
869 1275 1003 1368 Ecclcfiae
1033 1277 1204 1348 catholica
1225 1283 1332 1355 dixitr

231 1382 233 1391 '
261 1379 564 1454 Interlocutionis
582 1393 652 1448 tuae
664 1376 783 1449 forma
799 1374 1005 1448 declaravit.
1048 1373 1118 1448 Sed
1133 1376 1214 1468 quia
1231 1381 1331 1475 dicit,

262 1501 345 1552 cum
365 1481 561 1573 peregrinis
583 1475 787 1548 Christianis
812 1493 887 1546 non
907 1471 941 1544 se
961 1474 1093 1547 habere
1111 1479 1260 1568 aliquam
1279 1503 1332 1556 ra·

262 1585 435 1668 tionem,
460 1576 518 1648 sed
538 1579 611 1648 hoc
630 1590 773 1664 totum,
809 1578 906 1665 quod
929 1574 1064 1667 agitur,
1096 1578 1191 1650 inter
1216 1579 1332 1656 Afros

264 1680 342 1773 agi,
370 1678 543 1749 Afrorum
563 1673 843 1749 Christianorum
864 1671 1138 1748 Catholicorom
1155 1679 1231 1750 huc
1251 1701 1331 1755 vox

263 1778 334 1848 est:
365 1799 433 1848 nos
457 1774 626 1847 universo
650 1775 729 1846 orbi
756 1771 957 1844 Christiano
984 1776 1241 1851 communione
1269 1801 1331 1854 co·

263 1878 448 1949 haeremus.
478 1876 580 1946 Hanc
592 1873 783 1945 Ecclesiam
796 1873 1213 1969 elegimusr'etinendam,
1226 1899 1332 1969 quam

261 1977 299 2049 in
324 1980 374 2048 eis
399 1974 580 2066 scripturis
602 1975 833 2045 invenimus..
865 1972 913 2041 Et
933 1988 1008 2039 cum‘
1022 1975 1145 2047 diceret.
1195 1977 1241 2049 Er
1262 1983 1330 2052 alib

263 2101 373 2148 manu.
408 2074 639 2168 Recognovi.
696 2074 857 2144 Emeritos
873 2071 1035 2168 Episcopus
1045 2074 1147 2166 discit:
1172 2076 1332 2154 Sicsem.

261 2192 327 2269 per
348 2175 527 2269 eligere&
548 2187 685 2246 mutare
702 2171 891 2246 consuesti.
933 2173 1186 2248 Ecoliomonu.
1225 2177 1332 2253 Eme.

263 2277 354 2347 ritus
373 2275 571 2366 episcopos
592 2272 685 2349 salva
703 2274 945 2391 appellatione
960 2278 1176 2370 recognovi.

340 2416 419 2470 101.
453 2392 645 2484 Augusiioous
673 2392 840 2487 Episcopus
866 2392 1002 2482 Ecclesia
1028 2396 1199 2464 Catholicis
1221 2395 1330 2470 dixit:

262 2491 352 2568 Non
372 2517 447 2585 eam
469 2492 660 2564 Ecclesiam
677 2495 895 2581 retinemus,
924 2511 1028 2580 quarn
1043 2493 1080 2565 in
1096 2493 1163 2565 illis
1183 2491 1331 2588 scriptu·

262 2596 310 2666 ris
326 2595 549 2678 invenimus,
570 2593 747 2678 inquibus
763 2591 868 2660 eciam
884 2592 1124 2683 cognovimus
1141 2592 1330 2672 Christum.

264 2693 455 2781 Scripturae
476 2691 608 2779 quippe
626 2687 771 2769 nostras,
798 2708 945 2776 quarum
967 2686 1168 2764 austeritati
1186 2697 1329 2785 utrique

263 2789 468 2878 subdimur,
505 2784 680 2858 Christum
708 2784 957 2859 &Ecclesiam
982 2803 1154 2879 tanquam.
1174 2789 1328 2870 sanctum

263 2889 518 2969 commendant
540 2885 773 2980 conjugium,
813 2886 987 2961 Christum
1008 2887 1198 2984 sponsum,
1235 2895 1330 2970 illam

262 2987 434 3081 sponsam.
487 2981 562 3056 Ubi
583 2986 680 3057 illurn
701 2983 973 3081 cognoscimus,
1000 2990 1047 3059 ibi
1069 2989 1212 3065 &illam
1227 2994 1330 3067 inve·-

262 3089 341 3162 nire
357 3089 539 3159 debemus.
581 3083 615 3154 Si
632 3084 751 3175 itaque
768 3106 865 3157 nunc
883 3090 1001 3158 exorti
1018 3086 1188 3181 essemus,
1216 3092 1249 3162 ἃ
1267 3113 1332 3166 co.

263 3188 479 3282 gicaremus,
506 3185 543 3256 in
561 3181 686 3256 Africa
705 3185 761 3255 cui
783 3190 1031 3258 communioni
1049 3182 1332 3271 Christianorum

262 3285 387 3359 sociari
413 3286 643 3372 deberemus,
680 3287 922 3378 proculdubio
947 3280 1025 3360 eam
1054 3301 1178 3362 tenere
1207 3293 1331 3366 debui·

261 3406 363 3476 mus,
392 3386 495 3474 quam
517 3385 552 3455 in
571 3380 751 3474 scripturis
769 3386 1032 3478 inveniremus,
1062 3380 1094 3458 u'
1118 3391 1331 3464 criminatri-

262 3505 323 3556 ces
347 3485 541 3576 opiniones
567 3482 753 3556 hominum
773 3487 982 3576 repudiare,
1016 3487 1059 3556 ad
1085 3486 1159 3560 sola
1182 3492 1328 3580 eloqui-a

261 3584 405 3672 divina,
432 3605 509 3673 quae
523 3585 665 3655 mentiri
684 3583 869 3673 nesciunt,
897 3606 965 3656 nos
986 3600 1120 3659 tenere.
1176 3589 1259 3660 Hoc
1279 3589 1330 3663 fe·

261 3703 390 3757 cerunt
411 3680 595 3756 Christiani
614 3681 711 3768 Afri,
738 3684 770 3755 dc
793 3685 1016 3774 appellantur
1039 3684 1222 3759 &merito
1246 3687 1327 3765 sunt

262 3782 442 3857 Catholici
454 3781 525 3872 ipsa
542 3780 599 3853 sna
616 3784 1018 3856 'communionenomen
1036 3783 1217 3861 testantes.
1263 3786 1330 3862 Ca·-

260 3881 393 3957 tholon
411 3887 506 3956 enim
515 3884 680 3970 secundum
694 3903 794 3953 torum
811 3885 951 3955 dicitur.
981 3885 1052 3982 Qui
1072 3901 1189 3959 autem
1207 3910 1225 3957 a
1240 3901 1327 3964 toto

260 3976 440 4076 separatus
465 3981 518 4057 est
533 4034 546 4076 ,
561 3981 563 3985 ’
579 3995 792 4080 partemque
810 3983 974 4083 defendit
989 3988 1033 4058 ab
1050 3985 1218 4059 universo
1238 4007 1326 4081 prae·¹

1036 4121 1041 4129 '
1159 4087 1278 4176 ssisam,
