3200 4784
384 326 453 441 ¹nn
478 352 885 443 nonarumque
912 328 1185 453 Histoire„
1211 372 1216 379 '
1244 372 1316 465 363

219 517 223 525 “
251 526 415 621 reperiri.
466 526 555 601 Hoc
573 526 673 601 forte
693 527 918 623 cogitantes,
942 524 987 599 ad
1007 523 1180 607 finiendus
1205 550 1318 609 venat

252 629 289 702 or
307 625 522 721 perniciosas
543 627 577 701 it
598 626 698 700 saluti
719 641 860 701 aeternae
880 629 1078 701 contrarias
1100 630 1318 725 inimicitias,

249 727 300 803 ad
312 730 438 815 iocum
459 727 663 801 collationis
680 726 809 799 nostrae
828 746 953 799 omnes
974 729 1174 801 convenire
1189 731 1318 804 volue-

246 841 359 917 runt,
375 847 451 900 non
471 840 512 899 ut
532 829 705 901 tumuitus
719 845 839 898 novus
857 827 1014 917 oriatur,
1035 823 1095 899 sed
1115 841 1156 899 ut
1174 828 1318 917 vetuste

200 1011 208 1019 ,
248 925 434 1002 discordia
457 923 612 1001 finiatur.
662 922 934 1012 Numitillud,
961 925 1090 1018 quoin
1111 946 1178 999 nos
1198 922 1364 1015 solent*

251 1027 414 1124 graviter
427 1025 576 1116 irritari,
603 1024 702 1117 quod
720 1044 824 1120 reges
842 1039 968 1117 tetre,
984 1044 1087 1116 quos
1108 1013 1212 1123 tinto
1223 1028 1321 1103 'anto

250 1125 458 1221 praedisium
476 1124 527 1198 est
540 1124 680 1198 Christo
698 1122 860 1199 Domino
876 1121 1095 1217 servituros,
1117 1126 1212 1220 leges
1230 1146 1321 1203 ton·

251 1238 309 1297 tra
327 1226 516 1298 hereticos
535 1222 828 1297 &schismaticos
840 1243 908 1315 pro
920 1222 1109 1296 Catholica
1124 1245 1213 1316 pace
1229 1248 1336 1300 con--

250 1323 425 1414 stimant,
445 1325 635 1414 credimus,
652 1322 750 1413 quod
764 1322 953 1414 aliquando
965 1323 1220 1419 cogitaverint,
1239 1344 1321 1409 nora

251 1423 325 1498 esse
344 1424 578 1517 culpandum,
597 1424 678 1514 quia
694 1423 726 1494 it
742 1422 877 1512 antiqui
894 1440 995 1518 reges
1009 1442 1087 1495 non
1104 1422 1216 1499 solum
1232 1446 1319 1518 gen

213 1602 215 1607 ,
252 1526 301 1599 tia
315 1523 520 1613 Hebraico,
539 1521 598 1596 sed
612 1525 716 1597 etiam
731 1522 954 1617 alienigene,
965 1541 1012 1593 ne
1028 1523 1210 1613 quicquam
1228 1544 1319 1597 con

253 1637 313 1695 tra
313 1618 445 1696 Deum
464 1623 588 1712 israel,
610 1622 684 1695 hoc
696 1621 778 1717 est,'
801 1639 929 1693 verum
947 1615 1066 1693 Deum
1084 1637 1323 1713 nqntantum

252 1723 405 1812 faceret,
417 1721 475 1794 sed
492 1724 551 1794 vel
568 1723 704 1793 diceret
722 1720 867 1811 aliquid,
879 1739 1005 1794 omnes
1019 1724 1120 1815 regni
1136 1723 1184 1795 sui
1202 1742 1319 1816 popu.
1398 1718 1402 1725 ’

253 1823 314 1894 lot
334 1822 519 1914 preceptis
538 1820 767 1897 minacissimis
781 1832 1009 1911 terruerunt,
1026 1819 1222 1912 &majores
1234 1822 1319 1897 isto·

254 1917 334 1994 rum
346 1919 450 2012 ipsam
460 1918 637 1993 Caecilrani
651 1918 801 2009 causam,
812 1918 998 1991 undenata
1008 1918 1059 1991 est
1069 1917 1131 1991 ista
1142 1920 1320 2015 disienfio,

256 2026 300 2093 ati
315 2018 586 2093 Constantinum
599 2019 858 2111 Imperatorem
872 2038 937 2111 per
949 2019 1145 2091 Anulinum
1157 2019 1321 2095 Procon-

255 2118 365 2196 sulem
385 2119 581 2193 accusando
599 2119 784 2194 miserunt:
806 2118 904 2208 quod
920 2119 1045 2208 utique
1061 2138 1138 2193 non
1157 2122 1207 2192 ob
1223 2119 1321 2193 aliud

256 2220 429 2291 videntur
443 2218 583 2307 fecisse,
609 2220 670 2292 nisr
690 2234 730 2290 ut
746 2217 945 2310 imperator
957 2215 1212 2291 Constantinus
1233 2240 1323 2292 con·

258 2332 315 2391 tra
346 2340 435 2408 eos,
469 2323 527 2407 qui
554 2319 705 2411 superati
733 2315 869 2408 essent,
904 2320 955 2388 eis
988 2318 1047 2407 qui
1079 2314 1320 2410 superassent,

257 2419 388 2508 aliquid
404 2420 511 2512 regali
527 2418 739 2489 auctoritate
754 2416 985 2505 decerneret,
1009 2430 1197 2506 totamque
1211 2416 1322 2511 ipsam
1394 2446 1399 2455 ¹

258 2515 393 2589 causam
413 2532 611 2607 potuerunt
629 2518 662 2587 δι
681 2515 779 2587 forte
798 2515 963 2587 fecerunt
981 2515 1087 2607 ipsrus
1111 2517 1320 2606 collationis

254 2616 481 2704 necesitate,
516 2614 686 2685 Archivis
707 2614 859 2703 publicis
880 2610 1128 2707 perscrutatis,
1156 2616 1337 2691 invenire·

258 2718 346 2788 oiim
371 2713 441 2786 effe
465 2711 600 2785 finitam
626 2710 706 2800 post
728 2708 970 2783 Ecclefiastica
992 2713 1156 2805 judicia,
1191 2716 1321 2806 quibus

261 2812 444 2889 absolutus
462 2809 513 2882 est
533 2809 765 2900 Caeciiianus,
790 2811 856 2883 illo
873 2810 979 2884 etiam
993 2811 1216 2929 Imperatore
1229 2814 1326 2907 judi

259 2928 387 3000 cante,
414 2910 457 2981 ad
488 2912 588 3002 cujus
613 2928 778 2982 examen
776 2929 864 2983 rem
885 2924 999 2984 totam
1023 2912 1058 2985 δι
1081 2915 1199 3004 primo
1221 2913 1326 2989 mise

258 3002 390 3083 runt&
408 3006 531 3100 postea
546 3013 801 3101 perduxerunt.
836 3008 890 3081 Ibi
904 3022 1103 3102 potuerunt
1117 3015 1225 3087 etiam
1239 3033 1325 3088 cau·

262 3110 332 3189 sam
348 3108 376 3180 F
379 3110 477 3181 clrcrs
495 3108 732 3205 Aptungensrt
756 3106 972 3183 ordinatoris
991 3106 1189 3195 Caecisiani,
1216 3132 1325 3202 quen

261 3210 437 3285 malorum
462 3213 621 3285 omnium
641 3208 815 3283 sontem
806 3228 842 3283 tn
864 3207 1032 3283 Concilio
1057 3209 1121 3285 suo
1142 3212 1325 3305 dixerant,

263 3305 506 3403 cognoscente
530 3307 677 3380 AEiiano
700 3306 920 3381 Proconsuie
950 3330 995 3381 ex
1019 3324 1205 3404 praecepto
1231 3311 1325 3398 ejun-

262 3409 343 3483 dem
367 3406 629 3499 imperatoris
620 3410 786 3481 invenire
807 3422 1001 3501 purgatam.
1052 3410 1266 3505 Quanquam
1290 3407 1327 3490 sc

262 3507 375 3586 hocsr
395 3508 647 3611 attenderunt,
674 3506 729 3598 &‚
757 3505 854 3596 quod
873 3505 980 3580 facile
994 3505 1132 3586 fuerat,
1159 3506 1327 3579 adverte-

264 3620 370 3696 runt,
399 3609 436 3681 in
445 3588 542 3701 scrip
545 3609 635 3678 turis
649 3604 772 3679 sanctis
788 3602 981 3679 Ecclesram
995 3604 1124 3678 Christi
1139 3602 1326 3699 permixtip

265 3703 468 3784 zizaniis&
491 3708 591 3795 palea
614 3705 647 3776 δι
669 3703 820 3793 piscibus
846 3705 947 3777 malit
972 3703 1127 3777 futuram
1149 3700 1219 3776 esse
1240 3724 1329 3797 pron
1351 3745 1353 3748 v

265 3803 399 3884 missum
418 3823 531 3894 usquo
552 3802 596 3874 ad
617 3817 758 3895 tempus
783 3800 919 3893 mesic,
952 3804 1202 3877 ventiletionia
1227 3803 1262 3877 st
1287 3805 1329 3883 li·

265 3907 381 3993 toris,
404 3905 529 3993 utique
545 3902 705 3997 cogitare
721 3911 942 3993 potuerunt,
961 3903 1093 3983 etiarnsi
1106 3898 1278 3979 malurn
1246 3906 1330 3979 cin

265 4002 339 4084 ‘²¹¹¹
360 4000 570 4090 courum
593 3997 865 4109 &coepiscopi
892 4000 969 4095 eiua
991 4001 1214 4098 naturum,
1229 4002 1334 4171 &uu
