3200 4784
289 406 362 499 576
554 396 873 473 Morturarnan
896 378 1103 475 Vernae

292 564 360 638 bus
377 562 425 634 illi
441 558 524 633 talla
539 552 658 632 secisse
675 556 884 633 asserebant.
932 557 988 631 lbi
1004 560 1121 635 etiam
1143 556 1362 639 condrion

294 663 403 753 ess'et,
430 660 528 753 quod
546 660 645 732 calce
664 658 821 730 &aceto
839 660 1015 731 humanos
1034 660 1183 733 oculos
1202 661 1363 753 persecuti

292 764 381 849 srnt,
398 764 434 833 in
450 780 523 851 quo
537 757 670 831 scelere
683 758 864 831 diabolum
881 758 1098 833 crudelitate
1117 764 1362 855 pervicerunt,

295 864 354 953 qui
375 864 448 933 hoc
466 862 501 932 in
519 856 623 929 santii
644 859 711 928 viri
729 872 836 928 carne
856 876 932 929 non
948 856 1055 941 fecit,
1085 876 1205 951 quam
1222 861 1261 934 in
1276 876 1363 954 poto

294 960 419 1035 statem
448 970 639 1049 acceperat
671 953 920 1051 affligendam,
957 955 1015 1029 bic
1046 956 1267 1033 Donatista
1290 980 1363 1051 que·

295 1060 442 1147 fierunt,
460 1072 594 1144 utrum,
613 1058 671 1143 qui
691 1056 840 1143 iaciunt,
861 1052 923 1127 lilii
940 1053 1052 1127 essent
1068 1056 1244 1151 diaboii,
1263 1080 1304 1132 an
1319 1060 1363 1151 qui

218 1246 221 1251 Ι
295 1160 498 1254 patiuntur:
523 1154 613 1247 quasr
634 1154 812 1227 Catholici
831 1152 945 1247 aliud,
971 1174 1075 1245 quam
1096 1158 1288 1250 passronea
1305 1158 1362 1231 suu

294 1258 452 1355 dixerint
472 1252 725 1328 immanissimas
748 1274 768 1325 a
789 1254 927 1325 clericis
956 1252 989 1325 dt
1011 1255 1362 1331 circumcellionibus

297 1376 437 1431 eorum.
488 1354 746 1425 Verumtamen
766 1354 872 1423 etiam
893 1352 952 1423 bic
969 1373 1046 1425 non
1064 1356 1363 1447 praetermisenrnt

297 1450 1189 1539 Catholici,occasroneoblrtaeisMaximianistas
1202 1458 1360 1549 objicere,

297 1548 512 1628 &dixerunt
530 1550 718 1623 secundum
733 1558 858 1623 e'orum
879 1549 1092 1626 sententiam
1109 1557 1297 1630 meliores
1311 1553 1361 1629 esst

297 1650 598 1741 Maximianilias,
626 1670 716 1739 quoa
740 1651 833 1740 apud
856 1663 929 1722 tres
954 1652 1012 1722 vel
1036 1672 1086 1725 eo
1112 1657 1280 1747 amplius
1299 1656 1360 1728 Pro

298 1752 462 1827 consulet
487 1749 659 1844 persecuti
686 1744 776 1823 sunt.
829 1746 880 1820 lili
896 1750 989 1821 enirn
1006 1748 1030 1823 st
1048 1749 1135 1842 paisr
1156 1751 1268 1847 sunt,
1298 1753 1361 1827 vitii

297 1852 475 1928 iecerunt.
528 1845 575 1919 Et
593 1849 768 1941 urgebant
788 1845 992 1933 Catholici,
1026 1864 1068 1921 ut
1088 1848 1361 1945 responderent

298 1969 418 2027 utrum
436 1971 480 2023 ex
500 1948 602 2039 ipsra,
630 1968 721 2037 quos
741 1950 1000 2020 damnaverunt
1023 1946 1272 2039 &persecuti
1290 1954 1362 2044 sunt,

298 2072 377 2127 non
402 2047 619 2139 susceperint
641 2046 880 2138 Felicianum,
912 2046 1083 2121 &utrum
1105 2068 1193 2123 non
1219 2074 1304 2129 eum
1323 2054 1363 2125 ha

299 2153 408 2226 beant
428 2151 466 2220 in
490 2148 647 2239 collegio
668 2145 742 2217 suo.
796 2144 854 2215 lid
875 2145 972 2237 quod
993 2146 1043 2217 illi
1069 2148 1269 2239 objectum
1293 2151 1363 2225 srcnt

299 2251 436 2344 semper
459 2246 609 2319 omnino
624 2241 913 2317 obmutescentes
933 2244 970 2317 in
992 2244 1087 2317 aliud
1104 2247 1266 2342 ierunt,
1294 2251 1363 2342 obji

302 2349 433 2426 ciendo
446 2344 665 2431 Catholicis,
693 2344 790 2432 quod
806 2345 986 2418 diabolum
1001 2342 1276 2431 defendissent,
1303 2352 1365 2441 quir

301 2453 465 2525 dixerant
491 2465 571 2515 eum
596 2441 697 2513 santii
718 2443 790 2534 job
815 2445 930 2515 oculis
956 2443 1183 2535 pepercisse,
1220 2450 1320 2521 unde
1339 2450 1364 2518 il·

300 2554 373 2625 lum
393 2548 446 2619 isti
464 2544 676 2616 crudelitate
695 2538 880 2633 vicissent,
905 2543 937 2613 bt
959 2541 1195 2634 susceperunt
1214 2546 1364 2621 accusare

301 2651 483 2724 diabolum
501 2646 603 2713 velut
619 2638 800 2712 defensum
820 2664 837 2711 a
857 2640 1075 2734 Catholicis,
1102 2642 1281 2719 dicentes
1301 2667 1365 2720 eun

300 2751 410 2839 magis
435 2742 626 2815 crudeliter
649 2741 684 2811 in
711 2760 816 2810 carne
835 2741 906 2834 Job
931 2743 1045 2814 oculis
1071 2744 1308 2837 pepercisse,
1337 2757 1364 2815 ut

300 2858 486 2925 manerent
516 2841 558 2911 ad
591 2838 824 2932 spectaculum
851 2840 1034 2932 vulneris,
1071 2843 1176 2930 quod
1202 2841 1364 2918 universo

302 2945 450 3040 corpori
466 2938 655 3012 inflixerat.
711 2938 822 3033 Quod
841 2940 988 3012 multum
1007 2940 1135 3012 mirum
1158 2941 1243 3033 est,
1273 2964 1364 3036 quare

300 3047 374 3121 hoc
389 3064 455 3135 pro
473 3060 602 3134 magno
621 3039 738 3108 dicere
758 3040 963 3128 voluerint,
990 3037 1050 3110 nist
1066 3037 1171 3111 sorte
1188 3055 1234 3113 ut
1251 3043 1365 3116 intelli·

301 3156 471 3242 gerentur
487 3141 545 3231 pie
557 3136 688 3223 secisse,
710 3138 766 3226 qui
784 3138 912 3208 oculos
927 3138 1181 3212 inhominibue
1197 3139 1366 3232 persecuti

300 3244 403 3333 sunt,
429 3262 475 3312 ne
498 3240 739 3310 cruciarentur
763 3236 922 3307 videndo
945 3238 1095 3308 vulnera
1115 3238 1202 3321 sua,
1233 3262 1314 3331 quae
1332 3242 1364 3313 ab

301 3347 353 3419 eis
377 3363 440 3434 per
464 3353 583 3410 totum
608 3355 741 3426 corpus
762 3348 986 3427 acceperant.
1037 3335 1106 3407 Sed
1129 3355 1219 3410 curn
1246 3342 1365 3413 iterun

243 3432 247 3439 ¹
301 3439 500 3518 Donatistae
517 3433 805 3528 persecutiones,
826 3456 911 3523 quas
929 3436 1133 3525 patiuntur,
1155 3458 1367 3535 exaggerat·

300 3557 356 3616 tes
379 3538 521 3613 suorum
547 3536 711 3625 quasdam
736 3548 871 3606 mortes
891 3550 1228 3608 commemorarent
1257 3542 1294 3613 in
1315 3558 1366 3630 op·

300 3644 388 3736 pido
405 3635 600 3733 Brgajenli,
628 3631 828 3723 responsum
847 3628 898 3704 est
917 3654 936 3702 a
954 3632 1175 3719 Catholicis,
1204 3656 1280 3711 eoa
1305 3640 1365 3710 hot

300 3742 417 3834 passos
434 3735 523 3826 else,
552 3736 632 3804 dum
653 3752 775 3804 eorum
793 3733 976 3805 violentie
991 3730 1241 3828 resisteretur,
1273 3755 1366 3829 quatu

300 3839 335 3911 da
349 3838 457 3928 judici
481 3833 613 3906 inferre
635 3834 754 3904 conati
772 3828 863 3906 sunt.
915 3834 953 3902 ln
969 3834 1033 3902 iilo
1051 3832 1194 3923 oppido
1212 3856 1366 3909 commo

300 3949 536 4009 moraverunt
549 3931 725 4003 Catholici
745 3933 857 4002 abeis
877 3930 1053 4003 horrenda
1078 3929 1149 4002 esse
1168 3934 1364 4026 commissa,

296 4035 349 4113 ita
369 4050 408 4112 ut
422 4037 528 4110 etiam
545 4032 682 4106 basilica
694 4029 944 4121 elletincensa,
960 4030 992 4104 ba
1010 4033 1047 4103 in
1066 4027 1186 4129 ignem
1204 4032 1294 4205 ηέῐίΐι
1307 4034 1367 4109 Co·

1246 4136 1323 4207 icet
