3200 4784
1230 439 1312 511 xm

298 675 303 686 ,
331 600 495 714 Quarto
505 591 705 682 Kalendas
724 590 1005 704 Septembres,
1023 585 1203 710 quodie,
1221 597 1315 709 post

193 789 196 798 .
239 715 351 805 allas
392 714 538 797 divinae
576 709 775 821 sapientiae
813 707 1042 795 studiorum
1078 714 1315 799 nostrorum

240 829 503 919 moderatrici
540 828 647 911 inter
682 820 876 907 solemnia
913 822 1020 909 sacra
1052 825 1313 911 eucharistica

222 947 234 964 “’
246 948 407 1061 gratias,
426 938 558 1027 Musae
578 940 721 1024 nostrae
740 964 793 1022 ex
812 936 1035 1023 Academia
1048 935 1240 1026 feriatum
1259 940 1316 1025 se·
1365 929 1369 950 '

247 1060 421 1162 cedunt,
453 1051 632 1139 iterium
649 1048 850 1165 ingressus
867 1079 917 1136 eo
934 1077 1054 1154 vot0,
1086 1077 1133 1137 ut
1150 1053 1314 1167 prospe·

243 1202 339 1262 rum
359 1169 460 1255 illud
477 1167 558 1253 effe
570 1164 861 1279 faustumque,
891 1170 932 1251 in
949 1164 1111 1274 bonum
1127 1173 1250 1252 animi
1269 1172 1315 1261 8(

242 1288 476 1375 studiorum
500 1309 692 1368 meorum
709 1307 849 1391 aeque,
867 1307 913 1365 ac
931 1280 1206 1366 salubritatem
1224 1309 1312 1370 cor·-
1369 1351 1371 1356 .

193 1451 206 1508 t
242 1408 360 1517 poris
377 1395 546 1483 feliciter
561 1396 726 1497 cedere,
758 1394 890 1506 superi
904 1393 1113 1502 juberent.
1176 1449 1179 1456 -

193 1587 195 1594 .
332 1515 490 1599 Itineris
509 1515 706 1597 comitem
725 1507 858 1623 adlegi
872 1513 1031 1611 virum,
1071 1513 1315 1625 antiquitate
1396 1589 1406 1614 ,

244 1632 410 1746 generis
427 1627 642 1727 illustrem,
674 1624 844 1709 celebris
870 1624 1080 1737 quondam
1105 1627 1206 1711 aule
1225 1652 1316 1712 mo·

242 1748 427 1859 guntinae
453 1740 680 1827 cancellarii
699 1743 741 1826 ac
766 1738 817 1823 ad
836 1765 978 1850 pacem
997 1739 1321 1852 Westphalicam

193 1853 196 1862 ’
244 1856 537 1945 conciliandam
555 1855 677 1967 legati
691 1854 1011 1968 Reigersbergii,
1029 1860 1131 1941 atavi
1148 1853 1204 1939 sui
1221 1882 1315 1966 pto·

243 1976 434 2088 geniem:
470 1969 609 2055 aulicis
636 1969 678 2053 &
706 1967 880 2080 politicis
904 1967 1017 2080 apud
1044 1994 1121 2054 nos
1147 1968 1317 2055 servitiis

243 2088 425 2184 clarum:
450 2112 537 2169 non
556 2109 638 2170 tam
655 2082 792 2167 alienis
810 2081 916 2167 hisce
934 2088 1228 2198 prerogativis,
1248 2082 1317 2171 sed

242 2204 422 2314 propriis
449 2203 589 2309 potius
618 2196 805 2297 dotibus,
840 2202 987 2282 eximia
1011 2196 1170 2309 jurium
1194 2195 1318 2283 scien·

240 2320 322 2416 tia,
354 2318 478 2399 animi
499 2312 697 2411 candore,
727 2310 829 2397 boni
852 2312 1010 2423 publici
1026 2313 1179 2415 studio,
1210 2313 1318 2399 mul·
1351 2411 1367 2426 ἢ

238 2431 313 2526 'tis'
331 2431 374 2511 in
408 2432 545 2547 gentis
578 2426 658 2511 suae
684 2426 962 2525 hereditarios
986 2451 1119 2540 pagos
1146 2432 1318 2526 mentia,
1346 2441 1350 2450 ’

245 2540 549 2629 discendi‘mira
574 2539 790 2651 cupidine,
821 2536 952 2645 facili,
1001 2541 1235 2652 indulgenti
1251 2540 1315 2648 ju·

196 2743 200 2754 ,
247 2657 474 2768 cundoquc
499 2661 592 2740 vitae
617 2653 714 2754 usu,
752 2658 797 2742 ἃ
820 2682 966 2765 magna
992 2659 1033 2739 in
1051 2682 1120 2738 me
1138 2654 1317 2742 benevo-

244 2771 369 2856 lentia
386 2773 489 2854 mihi
506 2768 846 2853 commendatum
865 2771 906 2855 δι
926 2768 1111 2853 charum.

212 2987 215 2992 Ι
334 2883 524 2981 Rhodam
548 2879 854 2982 conscendens,
893 2880 1003 2995 quafi
1035 2883 1118 2995 jam
1144 2882 1315 2970 dilatatis

193 3061 197 3104 3
244 2983 507 3111 pr'aecordiis,
547 3021 602 3079 ex·
624 2999 763 3107 patriae
782 3023 882 3079 meae
903 3000 991 3081 cive
1008 2991 1316 3108 in'cosmopoli·

247 3119 333 3196 ta‘m
357 3111 515 3213 versus,
553 3110 658 3195 hanc
682 3114 809 3212 totius
833 3103 1002 3221 suscepti
1028 3116 1183 3197 itineris
1202 3110 1315 3196 telie-

194 3285 197 3290 -
247 3252 338 3310 ram
364 3225 484 3326 milri,
523 3222 719 3337 socioque
741 3223 977 3309 inclamavit
1018 3224 1113 3338 Ejt,
1144 3227 1316 3317 hanzines

231 3334 393 3457 suntor,
426 3340 585 3423 humani
602 3364 625 3421 a
644 3335 752 3423 nobis
769 3336 870 3421 nillil
884 3336 1051 3423 alienum
1062 3358 1256 3447 putemus.
1388 3360 1390 3363 ·

331 3451 401 3538 Ad
425 3450 585 3537 sextum
615 3480 637 3537 a
660 3448 891 3566 Bamberga
917 3451 1097 3563 lapidem
1126 3455 1198 3537 ubi
1224 3478 1315 3564 per·
1375 3450 1378 3454 ’

201 3613 204 3618 ’
247 3591 424 3653 ventum
442 3591 547 3663 erat,
577 3564 689 3649 haud
705 3570 758 3649 ita
773 3565 925 3676 procul
942 3593 963 3649 a
980 3567 1186 3652 radicibus
1201 3594 1317 3654 mon·

208 3687 213 3700 “
247 3686 382 3781 tium,
423 3682 496 3791 qui
528 3678 798 3764 Franconiam
824 3709 846 3763 a
872 3679 1045 3765 Saxonia
1079 3678 1314 3797 sejungunt,

247 3792 395 3905 hospes
416 3796 457 3877 in
474 3796 591 3880 amici
611 3794 761 3903 praedio
778 3819 852 3898 per
869 3794 1046 3878 biduum
1065 3795 1106 3880 δι
1126 3797 1228 3881 duas
1247 3824 1318 3880 no·

247 3906 334 3993 lies
365 3933 548 3994 moratus
578 3905 681 3991 sum.
737 3903 836 3992 Nec
867 3907 1036 4018 praedii,
1082 3938 1158 4002 nec
1195 3910 1317 3993 amici

206 4049 213 4060 ·
245 4019 475 4141 pollellotis
502 4047 657 4106 nomen
677 4019 805 4124 addo,
843 4023 959 4136 quod
976 4049 1053 4138 per
1075 4028 1149 4111 viri
1177 4022 1320 4109 mode*

295 4155 300 4174 ¹
1147 4140 1262 4224 stiam
1373 4217 1385 4238 ,
