3200 4784
1246 369 1339 482 xxr
1364 445 1367 452 ·

266 575 324 659 tio
353 566 545 682 collega,
583 563 634 673 ad
664 561 808 652 eadem
832 562 938 651 sacra
969 561 1212 656 celebranda
1238 569 1337 660 illuc
1416 643 1419 652 .

263 678 747 772 HannoveraadvesluS.
844 709 850 722 ·

352 799 487 908 Prope
496 794 666 884 Gellerti
685 790 895 878 tumulum
907 791 1094 882 Mentori
1107 793 1336 887 squlum·

265 938 372 1014 nus,
391 909 635 1020 nescioquis
656 933 797 993 comes
812 966 865 984 -
882 934 1035 992 nomen
1053 909 1200 996 excidit
1216 914 1260 1000 δι
1276 917 1335 1002 in·

270 1025 499 1135 scriptio-
521 1046 847 1126 monumentum
866 1018 1012 1132 posuit,
1031 1026 1335 1142 utrique&qui

267 1144 440 1244 meruit,
468 1139 602 1253 &qui
620 1135 774 1250 posuit,
806 1162 882 1220 nec
897 1141 1033 1222 miuus
1047 1137 1189 1225 artifici
1206 1139 1337 1228 hono·

264 1255 446 1341 rificum.
538 1311 576 1338 -.

348 1367 419 1455 Ad
434 1365 627 1452 finistram
643 1360 912 1448 redeuntibus
930 1364 1098 1465 urbem,
1130 1365 1336 1456 Coemete·

258 1485 316 1567 rii
343 1504 527 1594 partem,
556 1477 743 1579 Bausius,
771 1476 932 1562 celeber
951 1481 992 1563 in
1016 1482 1154 1587 paucis
1177 1481 1336 1569 chalco·

263 1597 453 1711 graphus
477 1592 603 1680 filiam
629 1595 973 1704 primogenitam,
1009 1592 1096 1678 suas
1119 1597 1334 1712 totiusque

265 1712 388 1798 urbis
418 1706 603 1808 delicias,
641 1710 686 1792 in
715 1705 1109 1820 gentilitio·tumulo
1141 1712 1339 1810 condidit.

265 1823 432 1934 Cespite
456 1845 618 1907 tantum
640 1819 739 1906 rosis
763 1819 1015 1906 circumdato
1041 1825 1196 1933 tegitur
1217 1831 1338 1942 virgi·

266 1964 400 2026 neum
418 1960 588 2046 corpus.
656 1934 800 2020 Parieti
826 1960 925 2019 vero
951 1962 1184 2023 marmorea
1207 1939 1337 2032 affixit

265 2051 410 2162 tabula
442 2072 560 2162 patet
588 2047 692 2134 hanc
723 2047 1071 2162 inserriptionem,
1109 2077 1191 2166 qua
1217 2055 1335 2172 signi-

265 2169 497 2252 cautiorem
515 2190 601 2252 non
618 2160 711 2252 scio.
1303 2165 1305 2170 '

713 2297 863 2384 lire

456 2415 741 2518 rencrou
785 2415 1146 2540 quruscr'ro

596 2551 752 2652 Flora
790 2567 1013 2670 Amare,

514 2697 796 2808 Baustps
838 2724 1093 2788 oosurr.

339 2851 439 2939 Vidi
452 2851 602 2947 adhuc,
620 2851 686 2936 sed
699 2849 902 2953 flaccidos,
919 2857 1017 2939 varii
1036 2862 1197 2971 generis
1213 2857 1337 2948 flores

267 2955 605 3077 circumspersos,
623 2966 814 3080 reliquias
835 2972 1123 3083 exequiarum,
1141 2979 1271 3087 queis,
1290 2998 1339 3060 ut

263 3080 537 3194 postmodum
552 3078 753 3180 intellexi,
774 3081 1018 3195 nescioquis
1036 3084 1149 3196 ejus,
1167 3116 1265 3173 cum
1285 3093 1340 3175 vi·-

265 3219 408 3306 veret,
438 3193 595 3297 cultor,
619 3189 774 3295 forsan,
798 3219 846 3284 ut
863 3195 1053 3286 nonnulli
1075 3198 1339 3312 suspicantur,

268 3307 437 3422 sponsus
456 3309 688 3411 destinatus,
708 3309 897 3423 quotidie
917 3336 991 3421 per
1014 3310 1229 3399 biennium
1250 3341 1342 3404 ante

270 3449 463 3509 auroram
476 3426 624 3535 virgini
642 3422 865 3537 hucusque
884 3430 1121 3535 parentavit.
1167 3429 1340 3516 Nomen

267 3536 408 3622 audivi
433 3540 589 3649 postea,
620 3534 685 3622 sed
714 3541 947 3626 inaurem:
980 3540 1261 3641 -absrtautem,
1294 3569 1342 3632 ut

271 3656 391 3738 tacite
413 3649 552 3738 secum
580 3648 784 3760 jacluram
807 3645 1033 3756 serentem,
1066 3677 1192 3764 atque
1216 3657 1259 3743 in
1285 3658 1339 3744 se·

270 3792 386 3852 creto
413 3762 596 3877 pestoris
622 3761 808 3850 dolorem
833 3789 1096 3877 prementem
1122 3773 1259 3855 virum
1282 3771 1339 3856 di·

273 3882 344 3964 vul
381 3907 470 3979 em,
500 3883 794 3990 minuamque,
825 3878 1340 3991 quod-talis-doloradhuc

277 4017 331 4080 ex
347 3909 498 4080 {creto
515 3989 589 4082 suo
603 3991 725 4082 dulce
740 3990 879 4080 habet.

708 4148 712 4155 ·
765 4105 792 4196 b
825 4131 847 4214 5
1165 4106 1288 4210 -Con
