3200 4784
1839 317 1868 354 δ

510 378 611 468 ᾳὸ
657 460 662 472 ,
708 409 720 435 ι
1186 345 1609 450 ·όι’Τ·Ατι
1677 372 1918 492 Auru

457 535 463 544 '
512 538 671 624 tin,
710 532 959 608 Pastor
985 532 1128 616 fine
1155 554 1410 630 grege,
1457 532 1854 629 Episcopus
1887 535 2027 609 fine
2057 538 2364 631 populo,
2461 534 2650 611 Non

517 641 705 710 enim
747 656 921 729 grex
955 651 1075 707 aut
1114 635 1425 728 populus
1459 637 1857 727 appellandi
1892 637 2179 709 fuerant
2219 639 2469 729 pauci,
2525 640 2646 727 qui

514 738 708 822 inter
738 735 1233 829 quadi-agnita,
1276 734 1342 806 &
1373 738 1567 823 quod
1600 738 1958 825 excurrit,
1991 738 2304 809 basilicas
2325 791 2345 828 ‚
2375 739 2648 834 locum,

515 838 653 908 ubi'
672 836 1142 928 colligerent,
1187 855 1338 905 non
1373 834 1755 909 habebant.
1819 834 1950 911 Sic
1987 835 2390 926 speluncam
2428 858 2644 928 quan-

466 935 678 1022 ,dam
738 934 913 1006 foris
962 956 1000 1006 a
1050 935 1406 1023 civitate,
1476 935 1788 1006 cratibus
1835 932 2238 1027 sepserunt,
2315 938 2437 1009 ubi
2489 936 2641 1028 ipso

513 1046 859 1125 tempore
921 1034 1512 1105 conventiculum
1583 1035 1849 1106 habere
1919 1034 2366 1129 potuissent:
2448 1035 2644 1107 unde

515 1131 943 1208 Montenses
982 1135 1314 1228 appellati
1343 1133 1522 1204 sunt.
1592 1131 1810 1226 Igitur
1849 1137 2006 1226 quia
2039 1133 2465 1226 Claudianus
2501 1134 2647 1206 Lu-

518 1234 790 1320 ciano,
857 1231 1211 1303 Lucianus
1267 1232 1704 1318 Macrobio‚
1767 1234 2192 1318 Macrobius
2245 1233 2640 1326 Encolpio,

513 1286 916 1423 Encolpius
966 1331 1406 1420 Bonifaci0‚
1470 1331 1884 1404 Bonifacius
1941 1332 2220 1405 Victori
2269 1331 2646 1408 succ'esfisse

512 1432 897 1503 videntur.
948 1431 997 1504 fi
1031 1432 1308 1503 Victori
1342 1431 1744 1520 diceretur,
1784 1432 1903 1503 ubi
1939 1432 2249 1505 sederit?
2303 1443 2440 1507 nec
2474 1441 2668 1505 ante-

512 1529 587 1616 se
625 1533 926 1622 aliquem
965 1533 1109 1616 illic
1144 1530 1345 1602 fuiss'e
1380 1529 1848 1603 monstraret:
1891 1554 2055 1605 -nec
2086 1533 2490 1610 cathedram
2524 1534 2646 1603 ali-

516 1651 774 1722 quam,
842 1629 964 1699 nifi
1001 1630 1414 1720 pestilentiae
1457 1629 1887 1705 ostenderet.
2005 1630 2407 1704 Pestilentia
2451 1632 2643 1705 enim

514 1730 790 1804 morbis
825 1728 1177 1802 extinctos
1217 1729 1544 1801 homines
1581 1729 1665 1802 ad
1705 1730 1976 1803 inferos
2012 1731 2254 1804 mittit.
2355 1732 2502 1826 Qui
2543 1734 2644 1807 ἰητ

404 1871 423 1888 f
513 1827 647 1912 feri
690 1843 935 1920 portas
982 1829 1132 1901 suas
1179 1830 1441 1902 habere
1480 1827 1918 1919 noscuntur,
1974 1846 2231 1901 contra
2267 1850 2438 1920 quas
2476 1851 2642 1943 por-

513 1940 669 2017 tw,
726 1929 962 1999 'claves
991 1928 1320 2001 salutares
1355 1927 1698 2021 accepisse
1732 1932 2029 2026 legimus
2063 1929 2416 2021 Petrum,
2446 1931 2645 2023 prin-

515 2029 750 2118 cipem
805 2026 1072 2099 scilicet
1123 2027 1499 2099 nostrum.
1588 2031 1702 2100 cui
1761 2050 1798 2100 a
1852 2027 2134 2101 Christo
2189 2028 2442 2102 dictum
2505 2027 2639 2117 est,'

470 2213 475 2218 Ι
523 2121 671 2200 Tibi
720 2128 865 2197 dabo
907 2127 1111 2199 claues
1159 2133 1333 2219 regni
1371 2128 1693 2216 coelorum,
1765 2129 1840 2205 θ
1876 2146 2069 2225 porta
2111 2128 2464 2222 inferorum
2503 2151 2642 2196 non

513 2235 793 2298 Ψὶηίθηΐ
817 2252 942 2298 805.
2395 2261 2406 2269 ·

638 2344 730 2413 5.
785 2325 1001 2399 Unde
1029 2323 1131 2398 est
1166 2341 1386 2424 erg0‚
1443 2326 1639 2417 quod
1678 2327 1920 2400 claves
1964 2327 2162 2424 regni
2201 2326 2416 2398 vobis
2449 2322 2640 2397 usur-

506 2446 685 2520 pare
728 2426 1165 2498 contenditis
1195 2478 1220 2515 ‚
1286 2429 1401 2516 qui
1451 2440 1708 2498 contra
1752 2429 2156 2500 cathedram
2199 2423 2436 2510 Petri,
2511 2446 2638 2497 ve·
2709 2487 2714 2492 .

507 2523 664 2599 stris
709 2526 1320 2616 praesumtionibus
1361 2527 1426 2599 δι
1459 2527 1807 2615 audaciiS‚
1875 2526 2243 2622 sacrilegio
2275 2525 2640 2605 militatis,
2715 2587 2719 2596 .

507 2625 1026 2700 beatitudinem
1071 2627 1574 2718 repudiantes,
1648 2647 1785 2716 qua
1817 2628 2078 2697 laudari
2130 2626 2431 2713 meruit,
2501 2628 2642 2714 Qui
2689 2682 2693 2685 .

510 2748 647 2810 nen
694 2725 859 2795 abiit
900 2731 973 2795 in
1012 2727 1247 2819 confilio
1293 2730 1657 2819 impiorum,
1711 2725 1786 2802 (9·
1817 2731 1892 2796 in
1923 2732 2038 2794 via
2079 2741 2460 2819 peccatorum
2495 2729 2633 2791 'non
