3200 4784
258 329 273 385 χ
325 311 330 329 ,

402 420 473 500 'us
497 404 1190 536 Donarrrraaun'lltsroara.
1219 456 1223 463 ·
1267 440 1338 523 513

262 584 372 684 finpar
401 583 537 679 Enlrfia
565 584 732 654 carholica
762 587 870 653 dixit.-
906 584 1019 680 Quod
1048 581 1338 681 postulaverunt,

269 689 367 760 doce
384 706 468 760 ure..
491 684 537 773 Er
555 687 618 754 aiio
637 707 745 754 manu.
782 682 1012 776 Recognovi.
1045 686 1235 754 ,Petilianis
1261 688 1339 781 Epi·

261 789 370 882 scopus
392 789 503 855 dixit:
539 783 623 855 Hoc
646 785 752 855 nobis
778 782 887 852 debet
911 797 972 852 tua
996 778 1157 872 persona.
1201 785 1250 853 Er
1272 788 1338 857 alia

265 880 380 956 mana.
420 881 614 978 Petilianus
638 880 834 973 Episcopus
858 881 930 954 fine
951 882 1160 974 praejudicio
1184 886 1338 976 appella·

264 984 380 1058 tionis
398 979 528 1055 nostras
546 983 761 1075 recognovi.
904 1066 907 1071 Ι

264 1140 266 1149 .
351 1085 429 1155 106.
460 1082 624 1152 Ernerr'trrr
647 1083 805 1174 Episcopus
823 1079 932 1149 dixit:
969 1074 1147 1160 Petimus»,
1180 1083 1337 1156 utnulla

264 1181 312 1258 sit
329 1200 452 1268 mora,
472 1195 520 1251 ut
531 1193 599 1251 aut
615 1178 855 1270 proponenda
879 1192 940 1249 aut
961 1179 1210 1269 respondentis
1232 1181 1336 1272 pollit

265 1279 340 1356 elle
363 1278 525 1371 persona.
580 1282 688 1375 lgitnr
710 1281 879 1368 quoniam
901 1280 1170 1367 approbandum
1195 1279 1268 1370 est,
1301 1280 1336 1354 ἃ

266 1381 314 1454 dc
329 1378 512 1469 causajarn
529 1377 715 1471 injudicio
734 1377 1004 1467 ventilandum,
1028 1378 1188 1463 edicant,
1216 1392 1337 1456 utrum

240 1476 431 1575 petunt„
455 1492 516 1551 aut
535 1476 776 1568 respondent;
813 1492 873 1560 ut,
910 1496 989 1547 cum
1016 1496 1141 1548 eorum
1164 1481 1336 1554 intentio·

266 1600 351 1653 nem
374 1577 569 1668 injudicio
589 1576 739 1661 videro,
770 1578 906 1646 valeam
931 1572 1159 1665 respondere.
1206 1579 1251 1648 Er
1270 1582 1337 1651 alia

264 1690 379 1749 aranu.
424 1675 600 1750 Emeritos
618 1672 817 1769 Episcopus
836 1674 932 1748 salva
950 1676 1194 1767 appellatione
1215 1677 1336 1753 nostra

264 1797 358 1850 reso
384 1796 485 1849 novt.
1127 1786 1130 1795 “

341 1798 427 1966 1807.
458 1873 670 1944 Marcellinus
681 1876 740 1944 uir
749 1868 936 1962 clariffimrrr
950 1866 1114 1945 Tribunus
1125 1872 1163 1950 Θ
1175 1881 1337 1948 Notarius

265 1959 376 2048 dixirs
399 1972 496 2070 Justa
512 1971 730 2066 poscuntur,
763 1970 924 2045 sanciitas
940 1972 1057 2044 vestra
1078 1974 1242 2068 dignetur
1263 1978 1337 2049 edi·

263 2095 379 2167 cere,
416 2087 538 2147 utrum
563 2073 732 2166 petitoris
757 2074 846 2145 loco
876 2076 914 2145 in
943 2073 1083 2164 judicio
1115 2073 1251 2150 adstare
1283 2079 1337 2148 vi·

264 2173 405 2248 dentur.
922 2189 925 2193 ·

346 2280 424 2352 108.
452 2269 647 2367 Augustinus
674 2263 841 2367 Episcopus
870 2269 1005 2368 Ecclesia
1034 2270 1205 2347 Curiosius
1229 2277 1336 2348 dixits

263 2368 359 2465 Ture
373 2369 592 2445 sublimitatis
610 2369 855 2462 dijudicare,
883 2391 950 2443 nos
970 2372 1012 2441 ad
1028 2392 1153 2444 eorum
1174 2374 1337 2446 crimina·

263 2472 388 2546 tiones
408 2471 621 2544 refellendas
638 2470 777 2563 ingressi
797 2467 927 2540 firmus.
977 2467 1106 2539 Solent
1127 2469 1336 2564 Ecclesiam,

265 2590 372 2664 quam
392 2588 578 2658 tenemus,
606 2571 753 2640 crimine
777 2566 982 2639 traditionis
1004 2575 1165 2662 arguere.
1204 2572 1253 2642 Er
1269 2572 1337 2643 aliu

233 2692 378 2755 ,mann
412 2667 644 2761 Recognovi.
905 2690 908 2697 ·

263 2760 1337 2957 ...trsillul.scissilislillillslilll

263 2963 345 3040 fieri
366 2959 593 3053 imperator?
632 2965 679 3033 Er
699 2966 763 3032 alia
783 2985 891 3036 maiar.
934 2959 1115 3037 Emeritos
1134 2964 1336 3061 Episcopus

263 3062 368 3139 salvo
384 3061 515 3136 effodiu
531 3063 778 3154 appellationis
796 3063 1014 3156 recognovi.
1063 3080 1068 3117 ¹
1284 3070 1291 3090 ⁴*

321 3184 401 3239 llo.
429 3163 622 3259 Aug-islaris
637 3161 946 3259 EpikopurEcrlefiae
957 3163 1242 3238 Catholicadlxir:
1269 3162 1337 3239 So·

261 3262 343 3336 lent
368 3259 556 3354 Ecclesrae‚
593 3280 696 3354 quam
722 3276 917 3352 tenemus,
956 3265 1102 3337 crimina
1130 3265 1335 3339 traditionis

263 3362 445 3453 objicere,
473 3362 529 3447 dr,
555 3360 677 3434 nescio
695 3381 848 3451 quorum
871 3363 1055 3453 peccatis,
1082 3381 1159 3437 earn
1182 3379 1338 3437 conten·
1364 3430 1369 3447 ,

261 3462 349 3535 dere
367 3459 438 3534 else
453 3459 660 3534 destructam
678 3461 711 3532 dr
732 3459 933 3536 extinctam.
971 3463 1019 3532 Er
1036 3464 1100 3532 alia
1116 3484 1226 3540 manu.
1263 3463 1336 3535 Rc·

263 3564 441 3657 cognovi.
494 3562 656 3632 Emerirrs
682 3561 844 3654 Episcopus
860 3563 963 3629 dixit.-
988 3559 1077 3634 Non
1096 3563 1169 3634 hoc
1185 3585 1204 3634 a
1220 3577 1258 3634 te
1274 3582 1336 3655 pe·

260 3661 303 3732 tii
315 3685 333 3747 3.
363 3655 421 3732 fac
438 3660 517 3732 satis
532 3660 708 3751 judicatis.
756 3661 802 3732 Er
819 3658 884 3729 alin
899 3684 1002 3731 manu.
1049 3657 1228 3735 Emetitur
1249 3658 1336 3754 Epi·

261 3757 393 3851 scopus
414 3759 514 3833 salvo
533 3756 664 3831 effectu
686 3759 936 3850 appellationis
960 3762 1176 3854 recognovi.
1228 3769 1335 3855 Augu·

254 3857 363 3956 fiinus
383 3859 551 3954 Episcopus
573 3860 709 3947 Ettlcfiae
725 3859 896 3927 Catholici
912 3859 1016 3927 dixit:
1049 3860 1169 3949 Atque
1188 3856 1241 3933 his
1266 3861 1334 3933 cri·

262 3955 521 4031 minationibus
548 3957 673 4032 fallere
698 3956 809 4029 corda
836 3956 1073 4045 simplicium,
1108 3956 1153 4030 de
1176 3974 1333 4050 quotum

263 4047 377 4130 salute
397 4055 592 4150 satagimus.
643 4050 710 4131 His
732 4048 977 4153 ncrparmotl
994 4060 1232 4140 convenimur
1250 4072 1332 4155 ens,

316 4156 433 4252 Opilii
443 4148 526 4251 Afri
541 4152 630 4237 Tmo
643 4155 673 4236 1ο
890 4148 964 4234 KR
1242 4164 1301 4225 W

639 4442 736 4470 ,Α
816 4454 826 4469 ι
918 4448 938 4470 k
