3200 4784
274 413 312 506 ᾗ,
421 389 424 394 ’
549 389 706 470 Lrauo
729 407 813 466 urr.
838 367 1060 470 usauria,
1269 367 1340 492 aaz

263 551 357 630 dere
381 551 560 647 praemium
585 549 722 647 potest,
748 551 840 624 liber
860 570 937 624 non
957 551 1109 626 traditur
1130 549 1177 628 de
1192 547 1338 630 duobus

262 652 322 728 hia
342 675 413 727 nec
432 656 582 728 alterum
605 651 737 768 potest,
788 650 967 742 Impedit
958 649 1065 746 igitur
1082 645 1295 728 ueceffitaa
1284 655 1338 728 vi-

264 772 328 828 res
347 752 435 828 suas
485 752 575 826 Non
595 755 710 825 minue
725 749 889 823 videmur
901 750 1153 845 negligentiam
1167 752 1339 844 frequen

266 863 327 926 ter
349 854 520 947 operari,
557 873 661 946 quarn
683 849 866 925 necellitas
891 863 1040 940 operata
1067 848 1129 928 est.
1190 849 1286 928 Nam
1311 851 1340 930 fi

266 956 483 1026 memlsranae
503 964 565 1024 aut
583 953 683 1041 libri,
717 950 845 1041 quibus
866 946 1038 1042 scriptura
1062 950 1219 1046 legitima
1249 973 1339 1028 con·

238 1127 244 1134 ,
266 1052 419 1144 timetur,
437 1054 474 1124 in
492 1065 611 1124 totum
627 1050 761 1124 debent
775 1043 877 1121 illaesa
894 1046 1039 1126 servari,
1050 1048 1339 1140 quastnondam·

264 1165 402 1226 arantur
429 1150 536 1242 aliqui
561 1151 809 1244 negligentes,
843 1145 992 1221 nonest
1015 1149 1125 1246 longe
1150 1149 1292 1225 tradere
1315 1173 1338 1229 a

268 1253 364 1336 male
387 1272 546 1344 ponere,
573 1265 635 1320 aut
657 1250 748 1321 male
772 1247 887 1320 serre:
919 1248 1008 1320 alter
1024 1248 1061 1322 in
1077 1250 1189 1324 domo
1205 1250 1338 1338 librum

267 1348 408 1445 posuit,
436 1371 511 1441 quae
525 1349 653 1422 domus
666 1347 836 1419 incendio
852 1362 1083 1434 concremata
1099 1346 1168 1422 est:
1196 1346 1339 1424 damm-

267 1465 348 1541 tur,
366 1452 424 1541 qui
440 1450 662 1544 negligenter
677 1446 818 1538 posuit,
834 1445 858 1518 ss
874 1445 1093 1519 damnandus
1110 1446 1175 1540 est,
1195 1450 1253 1540 qui
1269 1469 1339 1541 po-

267 1547 467 1624 stulandum
483 1551 609 1622 librum
625 1547 770 1620 territus
786 1544 902 1620 dedit:
928 1545 1140 1630 damnentur
1153 1548 1260 1622 etiarn
1272 1550 1338 1640 illi,

269 1651 329 1740 ¹qui
343 1648 521 1742 negletlaa
539 1649 760 1722 membranas
778 1659 841 1718 aut
855 1646 967 1720 libros
985 1645 1035 1718 ita
1048 1644 1265 1741 posuerunt,
1294 1664 1339 1724 ut

268 1768 337 1820 eos
361 1746 563 1820 domesticae
591 1743 771 1836 bestiolae,
796 1746 871 1818 hoc
892 1744 944 1817 est
965 1765 1084 1818 mures
1106 1748 1156 1820 ita
1174 1746 1338 1834 corrose-

269 1846 363 1933 rint,
389 1859 430 1916 ut
445 1848 513 1940 legi
534 1867 608 1918 non
628 1845 775 1960 politur:
800 1843 986 1916 damnetur
1001 1843 1035 1916 u
1050 1844 1130 1936 ille,
1153 1850 1214 1940 qui
1231 1848 1281 1921 ita
1297 1851 1337 1925 in

269 1942 383 2016 domo
401 1944 542 2034 posuit,
574 1960 615 2016 ut
632 1945 816 2020 nimietate
832 1944 1032 2044 pluviarum
1048 1943 1096 2018 fic
1111 1943 1203 2020 tedia
1219 1948 1338 2039 aliqua

266 2040 443 2115 stillicidia
457 2044 693 2138 deliquarent,
709 2059 752 2117 ut
765 2045 886 2118 omnia
897 2037 1050 2118 humore
1062 2044 1255 2120 obliterata
1265 2049 1338 2144 legi

266 2162 345 2214 non
366 2139 515 2234 potunt:
549 2144 783 2234 damnentur,
811 2143 845 2217 &
867 2143 939 2235 illi,
964 2145 1024 2234 qui
1042 2129 1201 2220 ferentes
1223 2148 1336 2222 libror

224 2253 227 2258 '
268 2237 362 2337 legis
380 2242 558 2316 temerarii
581 2241 616 2318 se
641 2246 827 2337 rapacibus
848 2235 952 2316 undis
970 2242 1156 2324 fluminum
1174 2247 1338 2322 credide·

267 2354 377 2432 runt,
407 2339 440 2414 dr
466 2341 501 2445 se
527 2344 668 2416 liberari
696 2346 882 2437 cupientes
908 2340 1133 2436 scripturae
1123 2368 1160 2418 ιιι
1184 2347 1288 2420 undis
1314 2368 1338 2424 c

269 2438 338 2512 suis
363 2432 525 2513 manibus
549 2442 766 2518 dimiserunt.
817 2439 915 2556 Ergo
936 2441 961 2515 fi
982 2439 1155 2534 scriptura
1178 2465 1248 2520 una
1271 2444 1338 2540 est,

270 2536 306 2610 dr
328 2540 419 2612 hanc
441 2542 499 2632 qui
523 2540 664 2615 servare
686 2563 762 2615 non
779 2541 902 2634 potuit
920 2561 1002 2616 reus
1020 2540 1094 2632 est,
1120 2544 1209 2615 alter
1230 2546 1336 2620 undis

270 2638 438 2730 tradidit,
472 2642 560 2714 alter
581 2641 763 2714 rosoribus
783 2639 911 2716 bestiis
922 2640 1132 2732 dereliquit,
1159 2643 1247 2714 alius
1266 2642 1339 2717 stil-

265 2737 390 2810 licidio
408 2741 672 2830 corrumpenda
689 2739 861 2833 neglexit,
878 2737 967 2834 alter
983 2752 1082 2812 metu
1094 2742 1222 2813 mortis
1235 2745 1337 2816 terri·

269 2849 329 2910 tue
347 2836 460 2909 homo
476 2839 613 2910 homini
632 2838 750 2909 dedit:
776 2836 799 2909 st
816 2856 925 2909 unum
942 2834 1013 2929 est,
1040 2838 1138 2929 quod
1156 2842 1200 2913 ab
1219 2842 1337 2924 omni·

269 2936 337 3009 bus
363 2936 581 3026 admittitur,
606 2957 715 3029 quare
733 2935 900 3031 eligitur,
935 2937 994 3028 qui
1014 2935 1225 3033 damnetur,
1251 2961 1335 3017 cum

267 3037 388 3108 levior
405 3038 509 3127 culpa
523 3035 565 3109 srt
576 3033 781 3108 Traditoris
800 3056 903 3125 quam
919 3036 1152 3132 negligentis:
1174 3041 1234 3131 qui
1250 3057 1336 3118 ante

268 3155 386 3209 mures
415 3132 532 3227 posuit
558 3151 618 3207 aut
647 3133 709 3208 sub
735 3135 900 3209 stillicido
928 3137 1098 3231 reliquit,
1141 3141 1336 3216 voluntate

268 3234 451 3326 negligens
465 3234 559 3330 suit,
587 3235 620 3308 dt
643 3236 701 3327 qui
724 3236 761 3307 in
786 3233 902 3307 fluuio
923 3236 1101 3328 perdidit,
1127 3235 1173 3311 de
1191 3239 1336 3314 temeri·

269 3345 346 3404 tate
365 3336 550 3422 peccauit,
578 3339 637 3427 qui
654 3349 753 3410 metu
774 3335 901 3406 mettis
922 3334 1052 3425 aliquid
1072 3336 1240 3429 tradidit,
1262 3341 1336 3412 ¹ho-

268 3450 332 3506 mo
357 3430 493 3503 homini
515 3431 634 3524 dedit,
670 3436 847 3529 integrum
871 3445 948 3505 erat
972 3434 1065 3525 apud
1091 3433 1256 3548 dantem,
1281 3437 1336 3509 in

269 3543 409 3626 tegrum
437 3529 530 3620 apud
556 3533 803 3624 accipientem.
864 3529 899 3601 Si
919 3532 978 3621 qui
998 3533 1154 3625 accipit,
1182 3533 1335 3610 flammis

268 3627 429 3743 tradidit,
445 3643 634 3726 peccatum
649 3631 759 3724 magis
775 3627 1005 3701 accendentia
1019 3627 1083 3720 est,
1100 3651 1176 3703 non
1192 3633 1334 3708 traden-
1320 3676 1340 3695 ·-

269 3729 328 3803 tis.
379 3727 468 3801 Haec
491 3728 515 3800 sr
541 3729 771 3819 amajoribus
789 3725 915 3799 vestris
935 3727 1160 3839 dicerentur,
1186 3733 1332 3821 quaudo

268 3825 353 3900 illua
376 3827 553 3922 repellere
579 3826 740 3900 anostra
764 3826 1023 3900 communione
1050 3825 1258 3919 poliemus?
1294 3831 1333 3908 sl

269 3928 377 3999 etiam
392 3924 567 4001 Antiochi
586 3925 692 4020 Regis
711 3939 876 4016 tempora
894 3944 1177 4001 commemorare
1198 3930 1334 4004 voluis·

268 4022 371 4120 sent,
397 4028 524 4136 quibus
549 4046 690 4105 omnes
697 4024 810 4124 Judaei
833 4024 947 4105 roaolt
966 4022 1069 4126 suut,
1095 4043 1137 4103 ut
1157 4029 1303 4101 libros
1292 4050 1332 4106 ιιι
1359 4133 1363 4140 ,

1058 4195 1060 4202 .
1159 4128 1292 4201 ‘maen
