3200 4784
539 427 714 506 'Lindi
746 445 997 502 sucuunus.
1268 451 1314 530 ²9

327 615 363 688 7.
378 585 479 666 E'cce
487 591 558 683 jam
573 590 666 684 apud
679 609 748 661 vos
762 587 868 659 dotes
883 551 951 659 'eise
964 573 1039 658 non
1055 565 1217 679 poliunt}
1237 612 1315 669 non

250 695 347 768 enim
360 693 529 786 Spiritum
544 691 613 763 Dei
634 690 698 761 soli
724 689 831 766 vobis
851 686 1032 758 vindicare
1048 688 1217 780 potestis,
1251 709 1320 768 aut.

246 794 457 879 includere,
475 792 573 881 quod
586 787 932 884 intelligiturmnon
946 784 1100 862 videtur.
1142 790 1314 865 Sic·enim

247 896 288 980 in
303 890 507 988 Evangelio
531 885 781 981 scriptumest:
808 887 895 958 Nam
917 889 1062 981 Spiritus
1082 889 1167 956 Deus
1183 890 1244 986 esi,
1271 893 1314 977 ω’

202 1075 205 1080 ,
247 997 303 1064 udi
323 995 399 1062 uuit
416 993 578 1087 adspirat,
605 989 643 1063 (5
661 1010 765 1057 vocem
780 991 847 1081 ejus
862 988 972 1064 audis,
998 983 1036 1059 (¹5
1052 989 1145 1072 nejiis
1159 994 1238 1062 unde
1257 1018 1313 1063 ue.

247 1100 327 1164 nint
342 1092 380 1168 ὅ
390 1117 450 1187 qun
462 1099 532 1160 eun
551 1088 751 1161 Permittite
765 1086 879 1157 Deum
891 1085 989 1157 vnde
1002 1085 1172 1175 velitne,
1189 1089 1222 1160 δι
1238 1113 1311 1182 quo

246 1195 342 1265 velit
358 1189 529 1264 accedere
547 1190 677 1261 haheat
689 1187 908 1258 libertatem:
927 1187 984 1274 qui
997 1184 1108 1256 audiri
1121 1189 1260 1276 potest,
1278 1192 1313 1264 de

247 1292 368 1366 videri
382 1311 456 1363 non
469 1279 599 1385 potest.
643 1284 693 1356 Et
708 1300 827 1357 tamen
842 1284 958 1356 studio
978 1284 1183 1357 criminandi
1201 1289 1314 1362 liben-

247 1406 310 1463 ter
331 1384 761 1484 biasphemare-voiuisti‚
788 1398 828 1455 ut
846 1385 1004 1487 diceres:
1039 1382 1168 1455 ”Nam
1192 1387 1228 1458 in
1254 1389 1328 1463 iila'

193 1470 198 1560 ἓ
244 1489 408 1564 Ecclesia
423 1491 500 1578 quis
518 1488 657 1578 spiritus
674 1482 744 1557 effe
758 1481 900 1575 potest,
926 1480 991 1556 nisi
1008 1482 1067 1572 qui
1083 1486 1196 1574 pariat
1216 1483 1313 1560 filios

193 1575 195 1588 '
243 1587 490 1687 geh'enuae‘d“
526 1584 766 1658 vomuisti-de
780 1582 929 1676 pedore
944 1595 1010 1653 tuo
1028 1584 1256 1677 convicium,
1279 1587 1314 1660 dt

241 1689 380 1783 putasti
404 1686 666 1782 adjungendum
685 1682 755 1755 effe
773 1685 818 1754 de
833 1682 1038 1776 ‘Evangelio
1057 1680 1314 1780 testimonium,

239 1789 314 1859 ubi
332 1787 460 1859 leffium
479 1786 551 1875 est,
585 1787 640 1855 Vae
656 1783 742 1851 vobis
757 1783 948 1878 hypocritae,
973 1786 1030 1877 qui
1051 1786 1194 1855 circuitis
1210 1793 1313 1858 maria

201 1935 205 1939 -
242 1895 293 1961 (5
316 1903 440 1970 terras,
466 1902 506 1953 ut
521 1884 656 1975 faciatis
681 1905 780 1950 unum
800 1884 1009 1974 proselytum,
1039 1882 1078 1957 θ
1095 1907 1163 1953 cum
1181 1892 1312 1959 inuene-

243 1991 356 2072 ritis,
382 1984 502 2073 facitis
526 2007 594 2051 eum
610 1982 722 2070 filium
763 1982 888 2050 edenuae
913 1982 1106 2075 dupliciter,
1139 2010 1230 2080 quum
1254 2011 1313 2057 vos

241 2085 333 2181 estis.
389 2082 423 2155 Si
440 2083 516 2155 hoc
534 2082 710 2153 vonviciu
765 2081 967 2154 faciendum
987 2095 1088 2173 erat,
1115 2067 1213 2174 qudd
1234 2083 1313 2162 non
1364 2089 1404 2166 ’.

239 2187 358 2258 licet:
392 2181 554 2272 quamvis
573 2181 643 2253 sme
663 2179 765 2252 causa
783 2179 867 2272 fiat,
894 2182 1028 2254 utinam
1047 2183 1171 2274 aliquis
1188 2210 1233 2259 ex
1252 2210 1315 2260 ve·
1400 2187 1402 2191 ’

241 2283 325 2358 ssro
342 2301 493 2355 numero
515 2278 764 2352 hocdixiffet:
791 2279 958 2352 &tamen
978 2294 1015 2352 te
1031 2280 1103 2354 hoc
1126 2287 1312 2360 dixiffeia-

242 2386 296 2455 tis
317 2381 493 2470 admiror,
525 2379 561 2450 id
580 2379 667 2452 falso
690 2382 727 2450 in
752 2381 901 2453 alterum
924 2380 1068 2472 dicere,
1096 2405 1140 2454 ex
1162 2407 1260 2477 quo,
1281 2386 1314 2463 1st

244 2481 517 2554 ordinationem
539 2489 635 2551 tuam
655 2478 883 2567 consuetus,
917 2481 1020 2571 possis
1040 2482 1072 2552 δι
1091 2486 1312 2562 erubescere.

243 2576 547 2652 Commemorasti
569 2582 663 2651 enim
685 2576 817 2651 ledum
841 2576 910 2651 effe
931 2580 969 2651 in
995 2577 1222 2676 Evangelio,
1256 2591 1312 2657 Vae

244 2681 339 2751 vobis
362 2681 553 2777 hypocrisin,
579 2685 635 2774 qui
654 2683 800 2747 circuitis
822 2684 922 2748 maria
944 2678 983 2753 θ’
1005 2697 1126 2774 terras,
1153 2701 1191 2752 ut
1202 2685 1312 2776 facin-

243 2785 293 2851 u's
318 2805 417 2848 unum
445 2778 661 2873 proselytum,
702 2778 776 2849 hoc
802 2776 878 2865 est,
914 2793 954 2848 ut
986 2781 1132 2852 mutetis
1149 2787 1311 2877 -aiicujus

242 2877 384 2953 sedium.
435 2877 472 2949 T
473 2898 497 2947 u
513 2877 653 2967 quidem
670 2878 769 2967 cujus
784 2875 884 2949 seciae
901 2876 1009 2948 fueris
1027 2878 1164 2955 nescio:
1191 2882 1311 2966 tumen

241 2979 455 3069 importune
472 2998 492 3047 a
510 2990 547 3047 te
564 2973 692 3048 diuum
706 2975 771 3047 est:
793 2976 946 3064 aeffimo,
964 2979 1061 3067 quod
1079 2982 1194 3071 tejam
1211 2985 1311 3060 forte

241 3079 351 3168 huJus
373 3075 454 3149 diui
477 3077 661 3167 poeniteat.
682 3141 684 3146 .
718 3074 890 3167 Nunquid
909 3099 977 3149 nos
997 3073 1130 3169 aliquas
1149 3105 1310 3179 peragra-

193 3195 195 3202 ·
241 3181 366 3251 vimus
398 3175 539 3248 terras?
574 3174 760 3265 Numquid
792 3196 861 3247 nos
896 3178 1010 3266 aliqua
1044 3180 1310 3258 circumivimus

241 3272 383 3350 maria?
423 3274 596 3364 Nunquid
619 3296 688 3347 nos
711 3274 760 3345 ad
774 3278 983 3369 peregrinos
1006 3297 1046 3350 ac
1072 3278 1205 3356 effimus
1227 3305 1310 3373 por·

241 3370 333 3449 tus?
360 3368 532 3461 Nunquid
557 3396 626 3446 nos
654 3373 806 3462 aliquem
833 3376 1039 3447 adduximus
1096 3376 1309 3470 ispanum&

243 3468 433 3625 Gnlium‘i²
466 3469 543 3542 Aut
572 3493 641 3545 nos
673 3472 916 3546 ordinavimus
948 3476 1196 3570 ignorantibus
1230 3502 1312 3574 per-

244 3591 428 3654 ermum.
1093 3637 1095 3642 .
1132 3593 1134 3598 ·

266 3596 291 3671 g
323 3679 356 3750 8.
382 3668 476 3741 Nam
503 3666 695 3744 &fontem
714 3669 855 3743 constat
877 3690 981 3743 unam
1000 3669 1069 3746 effe
1086 3676 1130 3747 de
1150 3677 1310 3772 dotibus,

245 3771 344 3842 unde
361 3769 518 3841 haeretici
538 3786 613 3839 non
631 3766 774 3859 possunt
796 3772 856 3842 vel
881 3771 942 3860 ipsi
965 3771 1111 3863 bibere,
1136 3780 1197 3850 vei
1217 3781 1308 3851 aiios

244 3883 402 3963 potare,
436 3871 516 3956 quia
536 3864 620 3953 soli,
647 3866 793 3960 sigilium
814 3872 990 3963 integrum
1012 3868 1068 3961 (id
1092 3872 1142 3945 est
1164 3877 1309 3967 symbo-

242 3969 319 4044 lum
345 3964 583 4059 catholicum)
608 3984 687 4038 non
707 3968 908 4058 habentes,
940 3969 982 4038 ad
1012 3968 1152 4045 fontem
1178 3997 1307 4051 verum

244 4069 385 4162 aperire
407 4086 489 4145 nou
514 4064 688 4161 nodum
724 4066 823 4150 Nam
844 4085 926 4148 cum
949 4070 989 4150 iu
1013 4067 1179 4148 (innuen
1201 4077 1336 4146 mnu«

193 4175 196 4192 '
680 4197 685 4206 ’
740 4221 743 4230 .
1081 4185 1096 4197 “
1206 4193 1304 4246 num
