3200 4784
509 429 607 528 ςὸ
1230 425 1616 501 obvii-ri
1683 423 1928 503 A'rnt

516 589 739 670 'eaufis
774 587 845 662 &
872 581 1243 682 personis,
1299 593 1469 679 qua's
1499 586 1842 662 Donatus
1879 586 2326 684 Carthaginis
2355 591 2670 679 levitate

516 688 1116 776 suaconstituit,
1184 687 1355 761 dum
1414 708 1746 785 magnum
1811 685 1884 761 se
1949 689 2182 761 videri
2253 696 2661 770 contendit.

492 796 767 890 .Quem
814 790 1004 861 enim
1044 790 1223 859 latet
1262 800 1523 880 praeter
1564 803 1640 859 te
1664 841 1688 876 ‚
1755 790 1918 879 quia
1958 791 2378 884 peregrinus
2413 814 2532 885 ea,
2589 796 2662 867 δε

518 887 927 990 'potuerunt
969 887 1098 960 tibi
1140 884 1307 958 falsa
1344 885 1676 959 narrari?
1741 903 1864 959 aut
1899 891 2056 979 quis
2088 910 2348 984 negare
2389 893 2656 987 potest,

516 993 715 1083 ¹rem,
786 991 901 1060 cui
952 1000 1113 1058 tota
1154 985 1515 1084 Carthago
1552 989 2042 1081 principaliter
2079 989 2275 1062 testis
2317 991 2468 1084 est,
2519 993 2661 1066 Im-

516 1087 933 1186 peratorem
988 1084 1455 1159 Constantem
1486 1137 1513 1177 ,
1593 1085 1888 1160 Paulum
1953 1088 2022 1159 &
2069 1087 2467 1164 Macarium
2521 1094 2664 1186 pri-

514 1191 737 1266 initus
776 1208 933 1260 non
984 1186 1070 1258 ad
1114 1183 1511 1258 faciendam
1558 1187 1910 1259 unitatem
1957 1186 2251 1280 mifiss'e,
2325 1189 2442 1263 sed
2492 1213 2680 1268 cum·

512 1286 1030 1380 bleemosynis:
1090 1285 1347 1374 quibus
1386 1284 1756 1358 sublevata
1800 1307 1930 1378 per
1957 1284 2310 1362 Ecciefias
2355 1290 2658 1386 fingulas

516 1389 733 1485 poffit
767 1384 1113 1480 respirare
1138 1438 1164 1473 ‚
1226 1382 1521 1473 vestiri,
1586 1385 1820 1478 pasci,
1871 1387 2182 1482 gaudere
2213 1390 2655 1483 paupertas?

522 1491 671 1586 Qui
720 1504 882 1562 cum
933 1484 1021 1556 ad
1067 1483 1476 1574 Donatum,
1528 1499 1805 1579 patrem
1849 1499 2092 1585 tuum,
2150 1490 2530 1583 venirent,
2585 1490 2658 1563 δι’

522 1609 741 1680 quare
770 1597 1126 1658 venerant
1146 1636 1169 1673 ‚
1204 1583 1640 1656 indicarent:
1691 1585 1812 1658 iile
1842 1583 2060 1659 solito
2091 1587 2344 1661 furore
2365 1587 2660 1664 succen-

516 1686 681 1778 sus,
734 1688 810 1756 in
848 1686 1001 1756 haec
1034 1685 1263 1754 verba
1308 1684 1680 1776 prorupit:
1751 1688 1931 1778 Quid
1979 1686 2061 1784 eft
2099 1689 2474 1783 Imperatori
2517 1714 2656 1760 cum

520 1777 840 1881 Ecclesia?
898 1785 968 1856 δι
1004 1781 1095 1855 de
1142 1781 1353 1855 fonte
1398 1783 1714 1856 levitatis
1763 1784 1945 1877 suae,
2010 1789 2236 1859 multa
2283 1789 2656 1864 maledieta

519 1881 816 1960 effudit:
884 1903 1041 1956 non
1086 1882 1316 1954 minus
1358 1903 1567 1974 quam
1625 1885 1700 1956 in
1748 1883 2182 1980 Gregorium
2234 1888 2651 1983 aliquando,

514 1986 607 2084 bd
636 2006 847 2078 quem
876 1983 970 2056 fic
1003 1980 1315 2054 scribere
1346 1983 1635 2056 minime
1664 1982 2062 2056 dubitavit:
2119 1988 2380 2080 Gregori
2407 1991 2654 2066 macula

516 2091 859 2169 Senatus‚‘
890 2085 1139 2152 dedecus
1172 2079 1652 2174 profestorum,
1707 2082 1774 2154 &
1803 2098 2062 2157 caetera
2095 2087 2301 2158 talia:
2355 2092 2467 2161 cui
2495 2092 2652 2161 Do·

514 2199 694 2261 nato
748 2181 1121 2254 Praefeetus
1150 2182 1511 2275 ‘patientia
1561 2179 1972 2277 Episcopali
2016 2183 2384 2278 rescripfit.
2501 2188 2653 2260 Ha·

508 2305 677 2359 rum
734 2281 1191 2376 epistolarum
1256 2282 1687 2374 exemplaria
1737 2285 2134 2379 multorum
2187 2304 2320 2358 ore
2377 2285 2654 2378 ubique

506 2399 920 2459 cantantur.
966 2391 973 2400 '
1020 2382 1177 2475 Jam
1218 2396 1395 2452 tunc
1422 2383 1946 2476 meditabatur,
2000 2397 2258 2456 contra
2285 2399 2649 2480 praecepta

486 2483 856 2577 prostoli
902 2481 1143 2568 Pauli,
1194 2479 1676 2555 Potestatibus
1723 2483 1790 2553 &
1821 2481 2140 2578 Regibus
2177 2485 2507 2576 injuriam
2546 2484 2652 2558 fa-

516 2605 686 2657 cere
712 2635 737 2675 ‚
800 2601 939 2676 pro
984 2582 1240 2672 quibus
1268 2624 1294 2665 ,
1358 2580 1415 2662 fi
1445 2580 1882 2675 Apostolum
1925 2586 2254 2672 audiret,
2321 2586 2654 2675 'quotidie

510 2703 775 2778 rogare
805 2683 1177 2756 debuerat.
1275 2680 1392 2753 Sic
1428 2683 1618 2755 enim
1657 2681 1878 2753 docet
1917 2679 1996 2753 B.
2027 2680 2430 2777 Apostolus
2469 2683 2641 2756 Pau-

774 2795 909 2831 ³·
1124 2791 1405 2843 'r'
1498 2803 1538 2843 υ
1627 2787 1951 2843 .-,,-ἕ,
2139 2827 2142 2831 1
2288 2816 2307 2835 Ἀ
2435 2803 2619 2843 man
