3200 4784
288 418 360 505 584
538 360 869 483 Mouuueura
893 404 1117 485 Venena·

290 584 395 649 natus
420 566 492 660 est,
513 588 593 641 cunr
618 588 742 641 eorum
763 566 952 641 fautorem
976 564 1258 662 cognosceret,
1284 566 1364 641 linill

293 672 489 743 voluntate
522 687 598 741 non
632 665 796 764 venerit)
827 665 983 757 &quod
1010 687 1095 738 non
1126 666 1362 761 expectaveris

294 769 525 857 Caecilianus,
552 779 593 839 ut
610 768 778 858 princeps
793 788 813 837 a
829 764 988 858 principe
1002 767 1274 853 ordinaretur,
1298 786 1364 840 cun

295 867 391 941 aliud
412 868 542 947 habeat
560 862 725 941 Ecclessae
742 864 939 937 Catholicae
956 864 1224 945 consuetudo,
1251 880 1290 938 ut
1303 886 1362 939 non

295 966 501 1054 Numidiae,
547 960 616 1037 sed
632 965 914 1055 propinquiores
943 960 1123 1056 Episcopi
1160 966 1360 1060 Episcopum

295 1065 463 1141 Ecclesrae
479 1061 702 1155 Carthaginis
717 1062 906 1136 ordinentt
922 1063 1009 1136 licut
1025 1084 1102 1135 nec
1119 1064 1301 1139 Romanae
1312 1062 1359 1135 Eo

297 1165 409 1238 elesrae
426 1163 570 1236 ordinat
587 1163 712 1251 aliquis
728 1160 928 1255 Episcopus
943 1162 1297 1255 Metropolitanus,
1319 1161 1358 1237 sed

297 1265 343 1336 dc
366 1263 534 1356 proximo
550 1259 719 1334 Ostiensis
738 1258 947 1354 Episcopus.
999 1261 1087 1333 Hoc
1110 1278 1244 1336 autem
1266 1265 1357 1337 dicen

298 1378 354 1437 tes
370 1363 414 1435 de
430 1360 487 1433 sua
503 1359 782 1451 consuetudine,
801 1379 926 1450 quam,
946 1358 1091 1451 nescio,
1114 1364 1273 1453 quando
1290 1360 1376 1451 inlli·¹

296 1473 464 1549 ruerunt,
486 1458 652 1533 Ecclesrae
670 1460 867 1533 Cathollca
880 1460 1114 1551 preludicare
1132 1466 1354 1535 conabantur.
1372 1469 1376 1551 ξ

297 1562 391 1655 Quae
412 1558 639 1632 consuetudo
658 1559 680 1632 sr
698 1563 843 1659 antiqup
862 1557 968 1643 essct,
995 1560 1069 1632 hoc
1087 1560 1212 1653 ipsurn
1232 1558 1355 1653 obieris·

298 1660 376 1733 sent
395 1656 611 1752 Caeciliano,
638 1658 780 1750 quando
800 1678 880 1732 eum
897 1655 1075 1749 absentem
1095 1660 1354 1735 damnaverunt

298 1760 481 1839 Dixerunt
501 1759 608 1830 etiam
626 1754 789 1850 scripsisse
810 1760 1006 1850 Optatum,
1034 1760 1139 1848 quod
1161 1758 1355 1834 Caecilianur

299 1858 449 1931 dixerit:
476 1860 515 1929 Si
529 1858 711 1929 Traditum
724 1856 821 1946 ssent,
837 1862 894 1953 qui
907 1881 954 1926 mo
969 1859 1239 1946 ordinaveruirt,
1258 1861 1308 1956 ipfi
1320 1883 1356 1927 ou

298 1962 400 2027 niani
426 1955 465 2032 (5
490 1958 642 2030 ordinent
667 1982 724 2032 me.
786 1957 899 2055 Quod
926 1956 1065 2047 quidem
1093 1956 1121 2029 sr
1149 1956 1356 2047 dictumest,

298 2056 385 2131 ideo
406 2055 473 2127 dici
489 2060 613 2147 potuit
630 2056 673 2130 ad
688 2058 769 2128 illos
788 2056 1011 2146 irridendos,
1037 2057 1172 2146 quibus
1193 2060 1273 2132 hoc
1286 2078 1356 2133 meu

300 2152 395 2229 dalle
410 2154 646 2245 perhibetur;
682 2157 850 2245 quoniam
873 2170 992 2227 certus
1012 2168 1112 2245 erat,
1140 2159 1357 2232 ordinatoris

299 2252 383 2328 suos
403 2273 481 2326 non
499 2251 569 2325 else
583 2253 809 2326 Traditores.
859 2253 949 2327 Non
969 2256 1153 2349 enimait:
1182 2260 1283 2352 Quia
1298 2252 1358 2330 sn·

300 2354 527 2443 discursum,
547 2350 627 2445 sed,
637 2355 666 2449 fi
683 2349 868 2426 ‘studiturus
880 2356 976 2438 sunt,
992 2368 1033 2424 ut
1050 2375 1185 2429 eorum
1205 2360 1357 2431 innocen

300 2455 351 2527 tia
376 2453 562 2546 probanda
587 2453 762 2544 restaret,
803 2455 864 2526 ubi
891 2453 1035 2546 probari
1061 2452 1161 2526 recle
1192 2456 1356 2549 potuisset.

300 2551 362 2624 Ad
388 2554 493 2641 haec,
530 2555 563 2623 &
588 2553 611 2626 sr
638 2575 714 2644 quae
737 2554 802 2624 alia
825 2556 966 2646 prolixa
988 2551 1260 2644 prosecutione
1284 2559 1357 2628 dire·

300 2665 407 2740 runt,
435 2653 596 2724 breviter
611 2653 873 2745 responderunt
890 2651 1091 2740 Catholici,
1121 2674 1207 2728 non
1221 2655 1359 2731 sufficere

301 2753 345 2824 ad
369 2749 504 2822 causam
526 2749 726 2843 Caeciliani,
758 2749 1032 2845 Carthaginense
1051 2749 1269 2828 Concilium
1287 2754 1359 2846 ipsus

302 2851 409 2922 etiarn
428 2848 618 2940 judicasse,
654 2854 713 2940 qui
737 2873 814 2923 eam
834 2853 876 2922 ad
891 2851 1151 2943 lmperatorem
1169 2855 1359 2927 accusando

300 2947 492 3038 miserunt,
520 2949 619 3021 &sic
643 2950 950 3037 demonstrarunt,
976 2950 1048 3021 hoc
1068 2954 1200 3042 potius
1227 2953 1299 3028 elle
1318 2974 1360 3027 er·

301 3047 543 3139 speslandum,
558 3068 631 3138 quo
648 3070 706 3121 res
723 3052 932 3143 pervenerit
946 3068 1058 3138 usque
1075 3050 1119 3131 ad
1139 3049 1360 3145 Imperatoris

299 3145 534 3236 sententiam,
558 3149 614 3218 cui
632 3150 778 3222 eandem
796 3148 931 3221 causam
947 3149 1159 3222 mittendam
1180 3154 1361 3227 duxerunt

300 3245 387 3318 Hoc
405 3247 498 3317 enim
512 3246 691 3319 Catholici
710 3249 908 3340 instabant,
942 3262 982 3318 ut
999 3248 1169 3321 omnibus
1190 3272 1362 3327 morarum

300 3345 518 3417 umbraculis
551 3348 739 3437 amputatis
765 3349 824 3421 illa
855 3349 977 3440 potius
1004 3350 1210 3443 legentur,
1251 3357 1362 3444 quibus

299 3444 400 3516 ledis
426 3446 512 3516 olim
539 3443 641 3517 causa
663 3445 787 3538 hnita,
816 3444 1045 3519 &Caeciliani
1064 3448 1289 3525 innocentia
1310 3472 1363 3526 ma·

301 3543 464 3616 nilestata
481 3545 561 3616 luce
582 3547 709 3616 clarius
727 3559 925 3639 appareret.
978 3548 1069 3640 Quae
1086 3545 1319 3641 Donatistae,
1334 3562 1362 3618 ut

299 3645 525 3736 legerentur,
551 3645 701 3717 omnino
718 3649 887 3718 nolentes
903 3647 1077 3735 quidlibet
1096 3647 1196 3720 aliud
1215 3653 1363 3739 interpo

298 3744 422 3814 nendo
450 3742 702 3834 impediebant.
761 3744 858 3817 Nam
883 3766 963 3816 cum
982 3745 1156 3838 cognitor
1174 3748 1363 3838 quaesrillet,

298 3855 418 3913 utrum
434 3842 530 3931 prius
545 3840 630 3913 esset
644 3843 773 3917 fastum
792 3842 1068 3937 Carthaginense
1081 3842 1322 3941 Concilium,
1340 3846 1363 3917 dr

269 3938 274 3957 ¹
298 3936 422 4028 postea
435 3937 531 4012 missa
545 3940 654 4014 fuerit
668 3943 710 4016 ad
722 3943 980 4035 Imperatorem
996 3942 1094 4013 causa
1106 3942 1314 4037 Caeciliani,
1328 3948 1364 4018 di·

261 4094 264 4101 -
294 4035 1366 4223 ueruntCatholici,quoniamConsulem&diemilluldCon·

1159 4158 1168 4167 ·
1203 4151 1242 4221 ci
1258 4152 1330 4227 ium
