<?xml version="1.0" encoding="UTF-8"?>
<!DOCTYPE html PUBLIC "-//W3C//DTD XHTML 1.0 Transitional//EN"
    "http://www.w3.org/TR/xhtml1/DTD/xhtml1-transitional.dtd">
<html xmlns="http://www.w3.org/1999/xhtml" xml:lang="en" lang="en">
 <head>
  <title>
</title>
<meta http-equiv="Content-Type" content="text/html;charset=utf-8" />
  <meta name='ocr-system' content='tesseract 3.04.00' />
  <meta name='ocr-capabilities' content='ocr_page ocr_carea ocr_par ocr_line ocrx_word'/>
</head>
<body>
  <div class='ocr_page' id='page_1' title='image "./operaomniasanct06librgoog_0416.png"; bbox 0 0 3200 4784; ppageno 0'>
   <div class='ocr_carea' id='block_1_1' title="bbox 496 2838 592 2906">
    <p class='ocr_par' dir='ltr' id='par_1_1' title="bbox 496 2838 592 2906">
     <span class='ocr_line' id='line_1_1' title="bbox 496 2838 592 2906; baseline 0 1878"><span class='ocrx_word' id='word_1_1' title='bbox 496 2838 592 2906; x_wconf 95' lang='lat' dir='ltr'> </span> 
     </span>
    </p>
   </div>
   <div class='ocr_carea' id='block_1_2' title="bbox 588 371 2324 482">
    <p class='ocr_par' dir='ltr' id='par_1_2' title="bbox 588 371 2324 482">
     <span class='ocr_line' id='line_1_2' title="bbox 588 371 2324 482; baseline -0.003 -26"><span class='ocrx_word' id='word_1_2' title='bbox 588 383 733 482; x_wconf 74' lang='lat'>380</span> <span class='ocrx_word' id='word_1_3' title='bbox 788 449 793 456; x_wconf 86' lang='grc'><em>,</em></span> <span class='ocrx_word' id='word_1_4' title='bbox 1084 371 1744 452; x_wconf 61' lang='lat' dir='ltr'>Mommsen-ri</span> <span class='ocrx_word' id='word_1_5' title='bbox 1792 373 2204 453; x_wconf 67' lang='lat' dir='ltr'>Vna-mm</span> <span class='ocrx_word' id='word_1_6' title='bbox 2317 405 2324 416; x_wconf 88' lang='lat'>·</span> 
     </span>
    </p>
   </div>
   <div class='ocr_carea' id='block_1_3' title="bbox 2727 310 2828 2162">
    <p class='ocr_par' dir='ltr' id='par_1_3' title="bbox 2727 310 2828 2162">
     <span class='ocr_line' id='line_1_3' title="bbox 2727 310 2824 1173; baseline 0 -588"><span class='ocrx_word' id='word_1_7' title='bbox 2727 310 2824 1173; x_wconf 95' lang='lat' dir='ltr'>    </span> 
     </span>
     <span class='ocr_line' id='line_1_4' title="bbox 2747 1173 2828 2162; baseline 0 -283"><span class='ocrx_word' id='word_1_8' title='bbox 2747 1173 2828 2162; x_wconf 95' lang='lat' dir='ltr'>   </span> 
     </span>
    </p>
   </div>
   <div class='ocr_carea' id='block_1_4' title="bbox 586 532 2827 2816">
    <p class='ocr_par' dir='ltr' id='par_1_4' title="bbox 586 532 2827 2816">
     <span class='ocr_line' id='line_1_5' title="bbox 586 532 2726 633; baseline 0 -24"><span class='ocrx_word' id='word_1_9' title='bbox 586 547 863 626; x_wconf 86' lang='lat' dir='ltr'>turam,</span> <span class='ocrx_word' id='word_1_10' title='bbox 913 532 1269 632; x_wconf 83' lang='lat' dir='ltr'>&amp;linguis</span> <span class='ocrx_word' id='word_1_11' title='bbox 1305 538 1624 612; x_wconf 87' lang='lat' dir='ltr'>omnium</span> <span class='ocrx_word' id='word_1_12' title='bbox 1666 539 1984 633; x_wconf 87' lang='lat' dir='ltr'>gentium</span> <span class='ocrx_word' id='word_1_13' title='bbox 2030 533 2508 633; x_wconf 87' lang='lat' dir='ltr'>locuturam)</span> <span class='ocrx_word' id='word_1_14' title='bbox 2561 532 2726 610; x_wconf 77' lang='lat' dir='ltr'>hane</span> 
     </span>
     <span class='ocr_line' id='line_1_6' title="bbox 590 633 2730 730; baseline 0 -21"><span class='ocrx_word' id='word_1_15' title='bbox 590 655 768 730; x_wconf 82' lang='lat' dir='ltr'>ergo</span> <span class='ocrx_word' id='word_1_16' title='bbox 801 633 1229 728; x_wconf 86' lang='lat' dir='ltr'>Ecclefiam,</span> <span class='ocrx_word' id='word_1_17' title='bbox 1284 657 1437 725; x_wconf 85' lang='lat' dir='ltr'>quae</span> <span class='ocrx_word' id='word_1_18' title='bbox 1468 635 1606 709; x_wconf 89' lang='lat' dir='ltr'>isto</span> <span class='ocrx_word' id='word_1_19' title='bbox 1638 639 1864 710; x_wconf 86' lang='lat' dir='ltr'>modo</span> <span class='ocrx_word' id='word_1_20' title='bbox 1885 691 1909 728; x_wconf 94' lang='lat'>,</span> <span class='ocrx_word' id='word_1_21' title='bbox 1951 653 2033 708; x_wconf 92' lang='lat' dir='ltr'>ut</span> <span class='ocrx_word' id='word_1_22' title='bbox 2065 635 2499 727; x_wconf 58' lang='lat' dir='ltr'>praediaum</span> <span class='ocrx_word' id='word_1_23' title='bbox 2533 635 2602 707; x_wconf 74' lang='grc' dir='ltr'>δι</span> <span class='ocrx_word' id='word_1_24' title='bbox 2633 640 2730 710; x_wconf 87' lang='lat' dir='ltr'>im·</span> 
     </span>
     <span class='ocr_line' id='line_1_7' title="bbox 590 731 2827 830; baseline 0.002 -24"><span class='ocrx_word' id='word_1_25' title='bbox 590 737 866 830; x_wconf 86' lang='lat' dir='ltr'>pletum</span> <span class='ocrx_word' id='word_1_26' title='bbox 917 731 1070 824; x_wconf 85' lang='lat' dir='ltr'>est,</span> <span class='ocrx_word' id='word_1_27' title='bbox 1136 738 1223 808; x_wconf 91' lang='lat' dir='ltr'>ab</span> <span class='ocrx_word' id='word_1_28' title='bbox 1259 735 1641 829; x_wconf 86' lang='lat' dir='ltr'>Jerusalem</span> <span class='ocrx_word' id='word_1_29' title='bbox 1680 735 1960 829; x_wconf 89' lang='lat' dir='ltr'>sumpfit</span> <span class='ocrx_word' id='word_1_30' title='bbox 2002 737 2394 808; x_wconf 81' lang='lat' dir='ltr'>exordium</span> <span class='ocrx_word' id='word_1_31' title='bbox 2419 786 2449 827; x_wconf 90' lang='lat'>,</span> <span class='ocrx_word' id='word_1_32' title='bbox 2537 749 2730 826; x_wconf 78' lang='lat' dir='ltr'>atque</span> <span class='ocrx_word' id='word_1_33' title='bbox 2822 747 2827 754; x_wconf 86' lang='grc'><strong>“</strong></span> 
     </span>
     <span class='ocr_line' id='line_1_8' title="bbox 587 831 2732 927; baseline -0.001 -19"><span class='ocrx_word' id='word_1_34' title='bbox 587 832 759 908; x_wconf 86' lang='lat' dir='ltr'>inde</span> <span class='ocrx_word' id='word_1_35' title='bbox 803 831 872 906; x_wconf 90' lang='lat' dir='ltr'>se</span> <span class='ocrx_word' id='word_1_36' title='bbox 916 836 989 906; x_wconf 90' lang='lat' dir='ltr'>in</span> <span class='ocrx_word' id='word_1_37' title='bbox 1016 833 1326 927; x_wconf 84' lang='lat' dir='ltr'>Judaeam</span> <span class='ocrx_word' id='word_1_38' title='bbox 1376 836 1441 908; x_wconf 68' lang='grc' dir='ltr'><strong>ἃ</strong></span> <span class='ocrx_word' id='word_1_39' title='bbox 1472 835 1894 926; x_wconf 78' lang='lat' dir='ltr'>Samariam,</span> <span class='ocrx_word' id='word_1_40' title='bbox 1919 839 2250 924; x_wconf 63' lang='lat' dir='ltr'>aliasque</span> <span class='ocrx_word' id='word_1_41' title='bbox 2285 837 2514 908; x_wconf 90' lang='lat' dir='ltr'>orbis</span> <span class='ocrx_word' id='word_1_42' title='bbox 2543 831 2732 908; x_wconf 73' lang='lat' dir='ltr'>-te&#39;rrae</span> 
     </span>
     <span class='ocr_line' id='line_1_9' title="bbox 590 933 2734 1029; baseline 0.001 -25"><span class='ocrx_word' id='word_1_43' title='bbox 590 946 833 1027; x_wconf 84' lang='lat' dir='ltr'>partes</span> <span class='ocrx_word' id='word_1_44' title='bbox 886 933 1408 1025; x_wconf 89' lang='lat' dir='ltr'>Apostolorum</span> <span class='ocrx_word' id='word_1_45' title='bbox 1461 937 1972 1029; x_wconf 77' lang='lat' dir='ltr'>praedicatione</span> <span class='ocrx_word' id='word_1_46' title='bbox 2018 933 2364 1018; x_wconf 85' lang='lat' dir='ltr'>diffudit,</span> <span class='ocrx_word' id='word_1_47' title='bbox 2442 936 2527 1006; x_wconf 88' lang='lat' dir='ltr'>in</span> <span class='ocrx_word' id='word_1_48' title='bbox 2582 954 2734 1024; x_wconf 91' lang='lat' dir='ltr'>quo-</span> 
     </span>
     <span class='ocr_line' id='line_1_10' title="bbox 589 1034 2737 1127; baseline 0 -22"><span class='ocrx_word' id='word_1_49' title='bbox 589 1052 749 1106; x_wconf 82' lang='lat' dir='ltr'>rum</span> <span class='ocrx_word' id='word_1_50' title='bbox 782 1034 1041 1106; x_wconf 84' lang='lat' dir='ltr'>litteris</span> <span class='ocrx_word' id='word_1_51' title='bbox 1079 1051 1293 1127; x_wconf 88' lang='lat' dir='ltr'>atque</span> <span class='ocrx_word' id='word_1_52' title='bbox 1321 1036 1587 1109; x_wconf 62' lang='lat' dir='ltr'>astibus</span> <span class='ocrx_word' id='word_1_53' title='bbox 1622 1037 1953 1107; x_wconf 87' lang='lat' dir='ltr'>civitates</span> <span class='ocrx_word' id='word_1_54' title='bbox 1989 1035 2052 1107; x_wconf 74' lang='grc' dir='ltr'>δι</span> <span class='ocrx_word' id='word_1_55' title='bbox 2079 1035 2532 1126; x_wconf 85' lang='lat' dir='ltr'>provincias</span> <span class='ocrx_word' id='word_1_56' title='bbox 2562 1035 2737 1106; x_wconf 81' lang='lat' dir='ltr'>inve·</span> 
     </span>
     <span class='ocr_line' id='line_1_11' title="bbox 589 1132 2738 1228; baseline 0 -23"><span class='ocrx_word' id='word_1_57' title='bbox 589 1132 822 1205; x_wconf 85' lang='lat' dir='ltr'>nimus</span> <span class='ocrx_word' id='word_1_58' title='bbox 862 1134 1080 1227; x_wconf 90' lang='lat' dir='ltr'>longe</span> <span class='ocrx_word' id='word_1_59' title='bbox 1119 1137 1407 1228; x_wconf 92' lang='lat' dir='ltr'>lateque</span> <span class='ocrx_word' id='word_1_60' title='bbox 1438 1135 1824 1226; x_wconf 77' lang='lat' dir='ltr'>distentas,</span> <span class='ocrx_word' id='word_1_61' title='bbox 1876 1137 1948 1206; x_wconf 89' lang='lat' dir='ltr'>in</span> <span class='ocrx_word' id='word_1_62' title='bbox 1984 1155 2152 1224; x_wconf 90' lang='lat' dir='ltr'>quas</span> <span class='ocrx_word' id='word_1_63' title='bbox 2200 1155 2366 1205; x_wconf 82' lang='lat' dir='ltr'>earn</span> <span class='ocrx_word' id='word_1_64' title='bbox 2419 1132 2738 1226; x_wconf 75' lang='lat' dir='ltr'>suis‘spe-</span> 
     </span>
     <span class='ocr_line' id='line_1_12' title="bbox 592 1232 2738 1324; baseline -0.001 -18"><span class='ocrx_word' id='word_1_65' title='bbox 592 1232 800 1306; x_wconf 76' lang='lat' dir='ltr'>closis</span> <span class='ocrx_word' id='word_1_66' title='bbox 852 1233 1149 1324; x_wconf 81' lang='lat' dir='ltr'>pedibus</span> <span class='ocrx_word' id='word_1_67' title='bbox 1205 1238 1683 1324; x_wconf 83' lang='lat' dir='ltr'>invexerunt,</span> <span class='ocrx_word' id='word_1_68' title='bbox 1758 1235 1964 1320; x_wconf 84' lang='lat' dir='ltr'>unde,</span> <span class='ocrx_word' id='word_1_69' title='bbox 1999 1235 2064 1305; x_wconf 70' lang='grc' dir='ltr'>ἃ</span> <span class='ocrx_word' id='word_1_70' title='bbox 2112 1236 2180 1304; x_wconf 89' lang='lat' dir='ltr'>in</span> <span class='ocrx_word' id='word_1_71' title='bbox 2216 1233 2574 1306; x_wconf 87' lang='lat' dir='ltr'>Africam</span> <span class='ocrx_word' id='word_1_72' title='bbox 2615 1253 2738 1304; x_wconf 89' lang='lat' dir='ltr'>cre-</span> 
     </span>
     <span class='ocr_line' id='line_1_13' title="bbox 588 1328 2742 1425; baseline 0 -21"><span class='ocrx_word' id='word_1_73' title='bbox 588 1328 859 1404; x_wconf 84' lang='lat' dir='ltr'>sceret:</span> <span class='ocrx_word' id='word_1_74' title='bbox 912 1333 1139 1425; x_wconf 87' lang='lat' dir='ltr'>hanc,</span> <span class='ocrx_word' id='word_1_75' title='bbox 1177 1349 1259 1405; x_wconf 90' lang='lat' dir='ltr'>ut</span> <span class='ocrx_word' id='word_1_76' title='bbox 1294 1335 1633 1418; x_wconf 77' lang='lat' dir='ltr'>diximus,</span> <span class='ocrx_word' id='word_1_77' title='bbox 1671 1332 2053 1405; x_wconf 79' lang='lat' dir='ltr'>Ecclesiam</span> <span class='ocrx_word' id='word_1_78' title='bbox 2084 1333 2339 1404; x_wconf 87' lang='lat' dir='ltr'>dicunt</span> <span class='ocrx_word' id='word_1_79' title='bbox 2369 1330 2542 1424; x_wconf 88' lang='lat' dir='ltr'>isti,</span> <span class='ocrx_word' id='word_1_80' title='bbox 2590 1353 2742 1404; x_wconf 87' lang='lat' dir='ltr'>con·</span> 
     </span>
     <span class='ocr_line' id='line_1_14' title="bbox 592 1431 2743 1528; baseline 0 -26"><span class='ocrx_word' id='word_1_81' title='bbox 592 1441 703 1502; x_wconf 82' lang='lat' dir='ltr'>tra</span> <span class='ocrx_word' id='word_1_82' title='bbox 739 1450 1043 1521; x_wconf 86' lang='lat' dir='ltr'>quorum</span> <span class='ocrx_word' id='word_1_83' title='bbox 1082 1453 1401 1506; x_wconf 89' lang='lat' dir='ltr'>errorem</span> <span class='ocrx_word' id='word_1_84' title='bbox 1450 1434 1745 1528; x_wconf 85' lang='lat' dir='ltr'>collegis</span> <span class='ocrx_word' id='word_1_85' title='bbox 1790 1431 2047 1504; x_wconf 86' lang='lat' dir='ltr'>nostris</span> <span class='ocrx_word' id='word_1_86' title='bbox 2100 1434 2608 1505; x_wconf 87' lang='lat' dir='ltr'>collationem</span> <span class='ocrx_word' id='word_1_87' title='bbox 2647 1432 2743 1503; x_wconf 84' lang='lat' dir='ltr'>de-</span> 
     </span>
     <span class='ocr_line' id='line_1_15' title="bbox 591 1528 2744 1626; baseline -0 -24"><span class='ocrx_word' id='word_1_88' title='bbox 591 1528 1134 1620; x_wconf 81' lang='lat' dir='ltr'>fenfionemque</span> <span class='ocrx_word' id='word_1_89' title='bbox 1174 1533 1630 1623; x_wconf 82' lang='lat' dir='ltr'>mandamus,</span> <span class='ocrx_word' id='word_1_90' title='bbox 1700 1532 2053 1608; x_wconf 85' lang='lat' dir='ltr'>Caeciliani</span> <span class='ocrx_word' id='word_1_91' title='bbox 2107 1529 2470 1626; x_wconf 85' lang='lat' dir='ltr'>Episcopi</span> <span class='ocrx_word' id='word_1_92' title='bbox 2531 1551 2744 1623; x_wconf 88' lang='lat' dir='ltr'>quon-</span> 
     </span>
     <span class='ocr_line' id='line_1_16' title="bbox 593 1629 2744 1723; baseline -0 -21"><span class='ocrx_word' id='word_1_93' title='bbox 593 1629 753 1702; x_wconf 88' lang='lat' dir='ltr'>dam</span> <span class='ocrx_word' id='word_1_94' title='bbox 786 1630 1346 1723; x_wconf 81' lang='lat' dir='ltr'>Carthaginenlis</span> <span class='ocrx_word' id='word_1_95' title='bbox 1376 1630 1706 1703; x_wconf 80' lang='lat' dir='ltr'>Ecclesiae</span> <span class='ocrx_word' id='word_1_96' title='bbox 1735 1631 1801 1703; x_wconf 75' lang='grc' dir='ltr'>δι</span> <span class='ocrx_word' id='word_1_97' title='bbox 1834 1630 2190 1703; x_wconf 85' lang='lat' dir='ltr'>sociorum</span> <span class='ocrx_word' id='word_1_98' title='bbox 2219 1632 2430 1722; x_wconf 87' lang='lat' dir='ltr'>ejus,</span> <span class='ocrx_word' id='word_1_99' title='bbox 2476 1631 2744 1721; x_wconf 86' lang='lat' dir='ltr'>nesci0,</span> 
     </span>
     <span class='ocr_line' id='line_1_17' title="bbox 594 1728 2745 1823; baseline 0.001 -25"><span class='ocrx_word' id='word_1_100' title='bbox 594 1728 849 1819; x_wconf 85' lang='lat' dir='ltr'>quibus</span> <span class='ocrx_word' id='word_1_101' title='bbox 882 1732 1197 1820; x_wconf 88' lang='lat' dir='ltr'>peccatis</span> <span class='ocrx_word' id='word_1_102' title='bbox 1229 1730 1502 1820; x_wconf 78' lang='lat' dir='ltr'>periiss‘e</span> <span class='ocrx_word' id='word_1_103' title='bbox 1536 1734 1886 1823; x_wconf 86' lang='lat' dir='ltr'>pollutam</span> <span class='ocrx_word' id='word_1_104' title='bbox 1907 1784 1931 1819; x_wconf 92' lang='lat'>,</span> <span class='ocrx_word' id='word_1_105' title='bbox 1988 1745 2203 1819; x_wconf 88' lang='lat' dir='ltr'>atque</span> <span class='ocrx_word' id='word_1_106' title='bbox 2234 1733 2306 1801; x_wconf 88' lang='lat' dir='ltr'>in</span> <span class='ocrx_word' id='word_1_107' title='bbox 2343 1745 2580 1821; x_wconf 85' lang='lat' dir='ltr'>parte</span> <span class='ocrx_word' id='word_1_108' title='bbox 2610 1732 2745 1803; x_wconf 85' lang='lat' dir='ltr'>Do·</span> 
     </span>
     <span class='ocr_line' id='line_1_18' title="bbox 593 1828 2746 1920; baseline 0 -21"><span class='ocrx_word' id='word_1_109' title='bbox 593 1829 744 1899; x_wconf 79' lang='lat' dir='ltr'>nati</span> <span class='ocrx_word' id='word_1_110' title='bbox 787 1828 938 1917; x_wconf 91' lang='lat' dir='ltr'>ejus</span> <span class='ocrx_word' id='word_1_111' title='bbox 964 1830 1309 1920; x_wconf 84' lang='lat' dir='ltr'><strong>‘reliquias</strong></span> <span class='ocrx_word' id='word_1_112' title='bbox 1351 1830 1765 1905; x_wconf 81' lang='lat' dir='ltr'>remanfiffe.</span> <span class='ocrx_word' id='word_1_113' title='bbox 1871 1831 2079 1902; x_wconf 88' lang='lat' dir='ltr'>Hanc</span> <span class='ocrx_word' id='word_1_114' title='bbox 2116 1851 2380 1902; x_wconf 85' lang='lat' dir='ltr'>vanarn</span> <span class='ocrx_word' id='word_1_115' title='bbox 2433 1830 2514 1902; x_wconf 87' lang='lat'>&amp;</span> <span class='ocrx_word' id='word_1_116' title='bbox 2559 1829 2746 1902; x_wconf 86' lang='lat' dir='ltr'>sacri·</span> 
     </span>
     <span class='ocr_line' id='line_1_19' title="bbox 591 1926 2748 2021; baseline 0.001 -23"><span class='ocrx_word' id='word_1_117' title='bbox 591 1926 819 2020; x_wconf 89' lang='lat' dir='ltr'>legam</span> <span class='ocrx_word' id='word_1_118' title='bbox 869 1927 1442 2003; x_wconf 85' lang='lat' dir='ltr'>criminationem</span> <span class='ocrx_word' id='word_1_119' title='bbox 1486 1933 1580 2020; x_wconf 94' lang='lat' dir='ltr'>ii,</span> <span class='ocrx_word' id='word_1_120' title='bbox 1655 1932 1907 2021; x_wconf 90' lang='lat' dir='ltr'>quibus</span> <span class='ocrx_word' id='word_1_121' title='bbox 1957 1930 2369 2002; x_wconf 87' lang='lat' dir='ltr'>mandamus</span> <span class='ocrx_word' id='word_1_122' title='bbox 2399 1981 2430 2020; x_wconf 87' lang='lat'>,</span> <span class='ocrx_word' id='word_1_123' title='bbox 2509 1930 2618 2001; x_wconf 88' lang='lat' dir='ltr'>ita</span> <span class='ocrx_word' id='word_1_124' title='bbox 2657 1948 2748 2000; x_wconf 85' lang='lat' dir='ltr'>re·</span> 
     </span>
     <span class='ocr_line' id='line_1_20' title="bbox 595 2025 2746 2119; baseline 0.002 -24"><span class='ocrx_word' id='word_1_125' title='bbox 595 2025 940 2118; x_wconf 85' lang='lat' dir='ltr'>darguant</span> <span class='ocrx_word' id='word_1_126' title='bbox 990 2028 1055 2098; x_wconf 75' lang='grc' dir='ltr'>δι</span> <span class='ocrx_word' id='word_1_127' title='bbox 1092 2028 1466 2119; x_wconf 86' lang='lat' dir='ltr'>refellant,</span> <span class='ocrx_word' id='word_1_128' title='bbox 1518 2045 1602 2100; x_wconf 86' lang='lat' dir='ltr'>ut</span> <span class='ocrx_word' id='word_1_129' title='bbox 1638 2032 1964 2119; x_wconf 87' lang='lat' dir='ltr'>primitus</span> <span class='ocrx_word' id='word_1_130' title='bbox 2011 2028 2338 2099; x_wconf 70' lang='lat' dir='ltr'>Ecclesiae</span> <span class='ocrx_word' id='word_1_131' title='bbox 2397 2027 2746 2101; x_wconf 70' lang='lat' dir='ltr'>causamn</span> 
     </span>
     <span class='ocr_line' id='line_1_21' title="bbox 595 2125 2746 2223; baseline 0 -27"><span class='ocrx_word' id='word_1_132' title='bbox 595 2125 798 2196; x_wconf 88' lang='lat' dir='ltr'>causa</span> <span class='ocrx_word' id='word_1_133' title='bbox 835 2126 1304 2216; x_wconf 88' lang='lat' dir='ltr'>quorumdam</span> <span class='ocrx_word' id='word_1_134' title='bbox 1345 2130 1713 2201; x_wconf 89' lang='lat' dir='ltr'>hominum</span> <span class='ocrx_word' id='word_1_135' title='bbox 1761 2128 2186 2223; x_wconf 87' lang='lat' dir='ltr'>distinguant</span> <span class='ocrx_word' id='word_1_136' title='bbox 2229 2143 2463 2217; x_wconf 87' lang='lat' dir='ltr'>atque</span> <span class='ocrx_word' id='word_1_137' title='bbox 2499 2127 2746 2200; x_wconf 89' lang='lat' dir='ltr'>discer-</span> 
     </span>
     <span class='ocr_line' id='line_1_22' title="bbox 592 2225 2746 2319; baseline 0 -21"><span class='ocrx_word' id='word_1_138' title='bbox 592 2238 824 2298; x_wconf 85' lang='lat' dir='ltr'>nant:</span> <span class='ocrx_word' id='word_1_139' title='bbox 904 2229 1238 2315; x_wconf 78' lang='lat' dir='ltr'>quoniam</span> <span class='ocrx_word' id='word_1_140' title='bbox 1290 2225 1606 2301; x_wconf 75' lang='lat' dir='ltr'>Ecclesia</span> <span class='ocrx_word' id='word_1_141' title='bbox 1660 2230 2054 2319; x_wconf 87' lang='lat' dir='ltr'>permixtos</span> <span class='ocrx_word' id='word_1_142' title='bbox 2109 2229 2340 2300; x_wconf 82' lang='lat' dir='ltr'>malos</span> <span class='ocrx_word' id='word_1_143' title='bbox 2408 2229 2746 2300; x_wconf 83' lang='lat' dir='ltr'>habitura</span> 
     </span>
     <span class='ocr_line' id='line_1_23' title="bbox 593 2321 2748 2420; baseline 0.003 -28"><span class='ocrx_word' id='word_1_144' title='bbox 593 2321 923 2417; x_wconf 68' lang='lat' dir='ltr'>praediaesta</span> <span class='ocrx_word' id='word_1_145' title='bbox 960 2324 1103 2417; x_wconf 89' lang='lat' dir='ltr'>est,</span> <span class='ocrx_word' id='word_1_146' title='bbox 1157 2348 1534 2418; x_wconf 81' lang='lat' dir='ltr'>quousque</span> <span class='ocrx_word' id='word_1_147' title='bbox 1568 2327 1789 2401; x_wconf 88' lang='lat' dir='ltr'>meffis</span> <span class='ocrx_word' id='word_1_148' title='bbox 1823 2342 2153 2420; x_wconf 84' lang='lat' dir='ltr'>tempore</span> <span class='ocrx_word' id='word_1_149' title='bbox 2194 2348 2228 2398; x_wconf 86' lang='lat' dir='ltr'>a</span> <span class='ocrx_word' id='word_1_150' title='bbox 2264 2328 2534 2398; x_wconf 86' lang='lat' dir='ltr'>tritico</span> <span class='ocrx_word' id='word_1_151' title='bbox 2571 2329 2748 2398; x_wconf 86' lang='lat' dir='ltr'>ziza·</span> 
     </span>
     <span class='ocr_line' id='line_1_24' title="bbox 592 2420 2747 2520; baseline 0.001 -24"><span class='ocrx_word' id='word_1_152' title='bbox 592 2424 713 2496; x_wconf 85' lang='lat' dir='ltr'>nia</span> <span class='ocrx_word' id='word_1_153' title='bbox 747 2420 1240 2518; x_wconf 87' lang='lat' dir='ltr'>segregentur,</span> <span class='ocrx_word' id='word_1_154' title='bbox 1270 2429 1389 2498; x_wconf 82' lang='lat' dir='ltr'>vel</span> <span class='ocrx_word' id='word_1_155' title='bbox 1428 2450 1466 2499; x_wconf 92' lang='lat' dir='ltr'>a</span> <span class='ocrx_word' id='word_1_156' title='bbox 1497 2428 1872 2499; x_wconf 87' lang='lat' dir='ltr'>frumentis</span> <span class='ocrx_word' id='word_1_157' title='bbox 1899 2429 2100 2520; x_wconf 88' lang='lat' dir='ltr'>palea</span> <span class='ocrx_word' id='word_1_158' title='bbox 2136 2426 2500 2498; x_wconf 88' lang='lat' dir='ltr'>ventilata</span> <span class='ocrx_word' id='word_1_159' title='bbox 2531 2426 2747 2498; x_wconf 87' lang='lat' dir='ltr'>disce·</span> 
     </span>
     <span class='ocr_line' id='line_1_25' title="bbox 595 2522 2748 2618; baseline 0.001 -24"><span class='ocrx_word' id='word_1_160' title='bbox 595 2522 764 2610; x_wconf 86' lang='lat' dir='ltr'>dat,</span> <span class='ocrx_word' id='word_1_161' title='bbox 818 2524 937 2593; x_wconf 89' lang='lat' dir='ltr'>vel</span> <span class='ocrx_word' id='word_1_162' title='bbox 985 2546 1167 2597; x_wconf 91' lang='lat' dir='ltr'>oves</span> <span class='ocrx_word' id='word_1_163' title='bbox 1214 2526 1300 2596; x_wconf 91' lang='lat' dir='ltr'>ad</span> <span class='ocrx_word' id='word_1_164' title='bbox 1356 2543 1747 2618; x_wconf 84' lang='lat' dir='ltr'>texteram,</span> <span class='ocrx_word' id='word_1_165' title='bbox 1815 2528 1991 2599; x_wconf 85' lang='lat' dir='ltr'>haedi</span> <span class='ocrx_word' id='word_1_166' title='bbox 2035 2526 2117 2597; x_wconf 89' lang='lat' dir='ltr'>ad</span> <span class='ocrx_word' id='word_1_167' title='bbox 2169 2524 2556 2607; x_wconf 77' lang='lat' dir='ltr'>sinistram,</span> <span class='ocrx_word' id='word_1_168' title='bbox 2631 2526 2748 2616; x_wconf 89' lang='lat' dir='ltr'>qui</span> 
     </span>
     <span class='ocr_line' id='line_1_26' title="bbox 593 2622 2742 2719; baseline 0.001 -27"><span class='ocrx_word' id='word_1_169' title='bbox 593 2642 792 2694; x_wconf 89' lang='lat' dir='ltr'>nunc</span> <span class='ocrx_word' id='word_1_170' title='bbox 826 2622 1090 2696; x_wconf 89' lang='lat' dir='ltr'>eisdem</span> <span class='ocrx_word' id='word_1_171' title='bbox 1125 2625 1395 2716; x_wconf 89' lang='lat' dir='ltr'>pascuis</span> <span class='ocrx_word' id='word_1_172' title='bbox 1433 2628 1764 2717; x_wconf 83' lang='lat' dir='ltr'>permixti</span> <span class='ocrx_word' id='word_1_173' title='bbox 1799 2626 2002 2715; x_wconf 89' lang='lat' dir='ltr'>sunt,</span> <span class='ocrx_word' id='word_1_174' title='bbox 2055 2623 2556 2719; x_wconf 81' lang='lat' dir='ltr'>segregentur:</span> <span class='ocrx_word' id='word_1_175' title='bbox 2615 2626 2742 2694; x_wconf 87' lang='lat' dir='ltr'>vel</span> 
     </span>
     <span class='ocr_line' id='line_1_27' title="bbox 592 2720 2736 2816; baseline 0.001 -25"><span class='ocrx_word' id='word_1_176' title='bbox 592 2723 759 2814; x_wconf 78' lang='lat' dir='ltr'>mali</span> <span class='ocrx_word' id='word_1_177' title='bbox 792 2720 1012 2813; x_wconf 86' lang='lat' dir='ltr'>pisces</span> <span class='ocrx_word' id='word_1_178' title='bbox 1046 2746 1085 2794; x_wconf 89' lang='lat' dir='ltr'>a</span> <span class='ocrx_word' id='word_1_179' title='bbox 1124 2726 1334 2796; x_wconf 86' lang='lat' dir='ltr'>bonis</span> <span class='ocrx_word' id='word_1_180' title='bbox 1361 2779 1383 2816; x_wconf 92' lang='lat'>,</span> <span class='ocrx_word' id='word_1_181' title='bbox 1441 2729 1557 2815; x_wconf 87' lang='lat' dir='ltr'>qui</span> <span class='ocrx_word' id='word_1_182' title='bbox 1594 2748 1787 2798; x_wconf 87' lang='lat' dir='ltr'>nunc</span> <span class='ocrx_word' id='word_1_183' title='bbox 1823 2730 2006 2797; x_wconf 85' lang='lat' dir='ltr'>intra</span> <span class='ocrx_word' id='word_1_184' title='bbox 2042 2725 2285 2796; x_wconf 86' lang='lat' dir='ltr'>eadem</span> <span class='ocrx_word' id='word_1_185' title='bbox 2318 2727 2506 2796; x_wconf 87' lang='lat' dir='ltr'>retia</span> <span class='ocrx_word' id='word_1_186' title='bbox 2535 2721 2736 2795; x_wconf 69' lang='lat' dir='ltr'>simul</span> 
     </span>
    </p>
   </div>
   <div class='ocr_carea' id='block_1_5' title="bbox 496 2838 2824 4189">
    <p class='ocr_par' dir='ltr' id='par_1_5' title="bbox 496 2838 2824 4189">
     <span class='ocr_line' id='line_1_28' title="bbox 496 2838 2824 4189; baseline 0 0"><span class='ocrx_word' id='word_1_187' title='bbox 496 2838 2824 4189; x_wconf 95' lang='lat' dir='ltr'> </span> 
     </span>
    </p>
   </div>
  </div>
 </body>
</html>
