3200 4784
508 428 605 506 92
1228 396 1614 482 Ora-An
1679 397 1928 478 Anu

514 566 675 659 quis
716 564 791 637 in
836 561 1131 638 nomine
1177 560 1458 653 Patris,
1528 560 1597 634 δι
1649 559 1860 643 Filii,
1929 561 1997 634 &
2049 559 2352 656 Spiritus
2411 558 2654 638 Sanffl

512 659 1053 760 baptizaverit‚·
1078 659 1601 754 Apostolorum
1636 682 1822 754 opus
1849 663 2200 756 implevit.
2303 663 2649 754 Denique

543 767 775 841 aetum
824 761 931 840 est,
976 763 1050 834 in
1090 759 1535 855 Evangelio,
1586 759 1868 854 Joanne
1905 763 2238 837 dicente:
2313 769 2643 860 Magister,

578 860 794 937 ‘dimus
830 864 1133 960 quendam
1170 868 1243 930 in
1280 866 1532 930 nomine
1572 879 1680 930 tuo
1711 863 2124 957 -expellemem
2169 864 2512 952 damonia,
2567 862 2644 939 ὅ

505 965 943 1066 prohibuimus
978 987 1147 1048 eum,
1188 966 1342 1057 quia
1378 985 1507 1030 non
1527 961 1822 1058 sequitur
1850 961 2187 1038 nobiscum.
2289 961 2409 1035 Sic
2441 962 2644 1035 Chri.

514 1065 660 1142 stus
700 1065 831 1136 ait:
902 1063 1133 1134 Nolite
1165 1061 1526 1156 pnohibern
1582 1067 1693 1155 qui
1731 1069 1899 1130 em‘m
1941 1087 2075 1130 non
2117 1063 2197 1158 est
2239 1081 2465 1133 contra
2505 1087 2645 1150 vos,

509 1186 628 1262 pro
659 1164 838 1234 vobis
869 1162 970 1258 efi.
1073 1161 1259 1234 Nam
1292 1159 1357 1232 ἃ.
1392 1160 1553 1253 ipfis
1592 1161 2127 1234 ficmandatum
2163 1160 2305 1252 est,
2337 1177 2418 1234 ut
2453 1149 2645 1255 opus

514 1263 690 1338 effet
719 1264 1045 1346 illorum,
1069 1314 1076 1321 -
1098 1258 1556 1334 sanffificatio
1590 1258 1665 1330 T
1666 1261 2012 1347 finitati33
2065 1281 2202 1333 nec
2237 1261 2311 1333 in
2346 1263 2646 1335 nomine

501 1365 644 1440 'suo
680 1361 1082 1458 tingerent,
1136 1359 1352 1432 sedin
1382 1361 1677 1432 nomine
1708 1357 1976 1451 Patris,
2031 1360 2099 1431 δι
2138 1358 2336 1451 Filii,
2391 1360 2456 1432 ἂ
2491 1359 2647 1455 Spi-

513 1467 693 1537 ritus
728 1460 981 1534 Sanfti.
1090 1459 1283 1555 Ergo
1326 1481 1593 1532 nomen
1631 1456 1732 1531 est
1765 1459 1959 1551 quod
1994 1456 2379 1532 sanaificat
2404 1513 2430 1552 ,
2482 1480 2642 1549 non

518 1583 728 1656 opus.
842 1561 1228 1652 intelligite
1270 1579 1408 1629 vos
1452 1561 1569 1630 vel
1617 1556 1777 1630 sero
1819 1558 2190 1651 operarios
2231 1557 2421 1638 effe,
2487 1579 2642 1634 non

513 1661 907 1738 Domitios,
1008 1657 1106 1729 Et
1139 1658 1183 1730 fi
1219 1655 1533 1729 Ecclefia
1568 1658 1780 1728 vinea
1803 1657 1942 1748 est,
1995 1660 2184 1730 vites
2223 1657 2381 1730 sunt
2411 1659 2640 1732 homi-

512 1783 643 1838 nes
682 1761 747 1830 &
786 1759 1091 1831 ordinati
1133 1759 1473 1830 cultores,
1590 1758 1789 1855 Quid
1833 1759 1906 1829 in
1954 1758 2346 1830 dominium
2390 1759 2640 1851 patris·

415 1918 424 1926 .
512 1859 809 1937 familias
858 1853 1179 1929 irruitis?
1248 1857 1440 1954 Quid
1480 1859 1740 1946 vobis,
1794 1857 1990 1948 quod
2029 1856 2170 1931 Dei
2207 1856 2349 1949 est,
2403 1857 2643 1929 vindi·

515 1957 746 2033 catis?
801 1959 995 2053 Quid
1025 1958 1245 2029 vultis
1284 1956 1591 2028 vestrum
1633 1955 1770 2028 esse
1806 1971 2043 2028 toturn
2071 2010 2097 2047 ‚
2149 1957 2270 2030 ubi
2307 1979 2448 2029 nec
2485 1976 2640 2049 par-

515 2070 667 2132 tem
719 2058 1051 2148 poteritis
1109 2054 1434 2128 habere?
1505 2055 1692 2128 Nam
1746 2071 2048 2149 propter
2099 2069 2457 2130 tumorem
2514 2077 2641 2128 ve·

513 2156 787 2246 strum,
868 2176 1013 2244 quo
1082 2157 1156 2226 in
1214 2175 1349 2226 nos
1409 2153 1872 2230 intumescitis
1910 2207 1933 2244 ‚
2015 2156 2338 2248 increpat
2381 2152 2641 2226 Corin-

516 2257 715 2330 thios
753 2255 1173 2328 beatissimus
1209 2253 1500 2327 Paulus:
1552 2255 1624 2328 in
1659 2253 1728 2326 se
1767 2254 1833 2326 ὄι
1869 2255 2150 2346 Apollo
2175 2253 2374 2328 aetus
2407 2252 2635 2326 nostri

515 2355 866 2448 temporis
894 2355 1343 2426 conformat:
1396 2358 1508 2426 Ne
1545 2357 1712 2424 alter
1743 2359 1815 2423 in
1847 2356 2156 2438 atterum,
2207 2355 2486 2444 inquit,
2537 2359 2641 2422 in-

517 2458 837 2544 tumescat.
939 2452 1048 2524 Ut
1082 2452 1534 2543 ostenderet,
1586 2455 1762 2543 quia.
1783 2455 1928 2526 hoc
1967 2468 2202 2527 totum
2238 2452 2642 2526 Sacramen-

515 2568 671 2629 tum
720 2551 1163 2645 Baptismatis
1214 2552 1357 2625 Dei
1402 2551 1547 2644 est,
1590 2567 1694 2624 ,ut
1741 2554 1887 2625 illic
1930 2553 2050 2627 fibi
2094 2553 2268 2626 nihil
2315 2553 2640 2626 vindicet

518 2656 937 2746 operarius,
989 2652 1087 2725 fic
1130 2653 1270 2726 ait:
1350 2655 1476 2744 Ego
1514 2654 1863 2748 plantavi,
1917 2655 2133 2749 Apollo
2181 2658 2445 2743 rigavit.
2554 2651 2639 2724 Id

518 2754 622 2827 est
718 2754 806 2827 de
840 2753 933 2823 Pa
982 2775 1122 2827 ano
1162 2755 1751 2827 catechumenum
1799 2752 1935 2823 feei
2031 2754 2152 2823 ille
2186 2752 2639 2823 catechume-
