3200 4784
417 422 476 477 os
501 398 899 527 Dousursusnuu
924 392 1173 509 Hssronis.
1238 400 1242 423 ¹
1258 370 1329 507 3r9

386 563 499 654 dere,
527 563 611 653 quid
637 556 844 657 coinpetat,
871 564 1002 656 quod
991 577 1215 657 interrogat3
1241 571 1328 647 licet

299 665 316 687 '
385 684 463 738 non
483 662 626 736 differat
643 662 779 737 causam
798 663 943 755 quaestio
959 662 1199 757 personarum.

262 784 333 862 249
359 754 565 839 Persecutro
579 763 869 845 Donatistarum
895 764 1126 855 unaucurt,
1151 767 1250 842 vitus
1265 769 1326 844 Sa
1349 848 1351 853 ,

384 864 590 957 cerdoturn
595 859 786 943 Ecclesiam
804 864 988 937 maculari:
1015 863 1047 937 ἃ
1071 866 1264 942 volumen
1269 871 1325 945 of-

358 962 601 1065 feruntcum
619 963 749 1035 divinis
767 956 977 1043 testimoniil
996 964 1218 1041 recitandum
1237 992 1326 1047 con·

381 1077 436 1135 tra
462 1054 520 1177 ca,
546 1082 624 1153 quae
649 1063 684 1134 in
711 1064 867 1137 recitato
894 1058 1163 1137 acatholicis
1154 1087 1191 1138 rn
1210 1061 1324 1160 prima

354 1156 596 1258 cognitione
612 1161 781 1235 mandato
801 1161 924 1257 postea
941 1179 1209 1256 compererunt.
1368 1170 1372 1183 '

261 1283 334 1353 250
359 1260 620 1349 Interlocutio,
655 1261 715 1334 ubi
740 1261 849 1354 dicit,
883 1277 970 1336 tunc
992 1262 1156 1358 denum,
1182 1268 1325 1359 quoda

383 1359 581 1435 Donatistis
606 1356 790 1451 offerthrg
830 1358 930 1455 poll'e
953 1364 1123 1459 recitari,
1160 1365 1323 1442 srvelint

384 1482 404 1534 a
429 1462 650 1554 publicarum
682 1456 888 1569 diicuffione
916 1461 1117 1539 chartarum
1143 1462 1326 1543 discedere

385 1561 626 1656 cognitorem.

261 1682 330 1750 251
358 1659 434 1732 Ubi
454 1673 586 1752 petunt
601 1655 817 1743 Donatista,
851 1658 950 1747 quod
967 1656 1189 1758 offerunt,
1179 1667 1324 1743 interim

379 1762 523 1832 recitari
542 1760 575 1831 u
594 1761 637 1831 ab
655 1756 777 1831 officio
794 1758 1023 1833 recitatur.-

262 1883 332 1951 252
356 1860 611 1948 Interlocutio,
630 1879 707 1949 quae
720 1857 807 1931 dicit
809 1856 1041 1951 ,scripturam
1055 1859 1148 1933 illam
1164 1861 1324 1938 debuille

387 1960 508 2032 abhis
532 1960 674 2050 penitus
699 1956 868 2071 concipi,
894 1978 914 2031 a
938 1957 1071 2073 quibus
1087 1965 1257 2036 mandato
1274 1963 1335 2038 sc-'

386 2058 456 2131 mel
473 2052 605 2129 effecto
624 2057 809 2153 negotium
829 2077 937 2130 omne
956 2058 1154 2135 transierat

261 2179 331 2252 253
357 2157 431 2230 Ubr
442 2152 815 2246 alleruntDonatrstae,
825 2158 994 2252 legalibus
1006 2157 1216 2233 testimoniis
1228 2162 1326 2235 velle

373 2256 419 2333 se
442 2279 461 2327 a
481 2256 678 2331 Catholicis
697 2257 872 2348 prolata
863 2277 900 2328 in
921 2256 1089 2329 mandato
1116 2256 1178 2333 suo
1199 2261 1325 2353 legalia

383 2353 586 2526 test{monia
604 2357 780 2448 refutare,
808 2355 1005 2452 irrogant,
1031 2370 1074 2429 ut
1089 2355 1149 2431 sua
1162 2361 1325 2431 audiatur

382 2459 455 2530 eil
474 2458 543 2531 ola.

235 2564 331 2647 ass
355 2479 615 2635 lntperlocutio,
642 2551 922 2653 quaeconcedit,
948 2565 989 2624 ut
1003 2553 1198 2645 recitetur,
1225 2553 1326 2646 quod

383 2655 574 2730 secundum
596 2656 653 2744 jus
678 2652 859 2746 publicum
879 2671 957 2723 non
982 2648 1078 2724 ret're
1103 2670 1325 2746 conceptum

381 2754 450 2830 est:
481 2750 765 2842 ratiocinium,
799 2751 897 2839 quod
917 2750 1098 2846 indulget,
1125 2769 1324 2848 enumerat,

382 2877 428 2931 oe
441 2857 498 2948 jus
518 2852 670 2944 ajudice
688 2851 854 2925 videatur
871 2849 1043 2925 omilium.
1069 2890 1072 2895 Α

262 2973 332 3042 255
358 2950 568 3046 Exceptore
597 2953 771 3027 recitante
798 2948 923 3022 dicunt
943 2949 1168 3044 Donatistae,
1207 2948 1325 3027 sensus

384 3053 540 3146 epistolae
553 3072 628 3125 non
644 3054 735 3123 bene
750 3049 925 3145 distingui.

262 3154 332 3239 256
357 3151 431 3223 Ubi
454 3150 632 3227 Catholici
656 3150 881 3233 concedunt,
913 3146 1009 3242 ipsos
1026 3150 1150 3248 legere
1171 3151 1325 3224 Donati·

384 3249 472 3341 stas,
490 3273 568 3327 curn
587 3251 650 3344 lpsr
667 3248 890 3345 Catholicis,
917 3265 958 3323 ut
973 3250 1154 3347 legerent,
1172 3254 1208 3323 in
1224 3251 1326 3343 supe·

383 3351 539 3423 rioribus
558 3353 788 3445 denegarent.

261 3468 330 3541 257
357 3445 628 3544 Interlocutio,
662 3469 740 3539 quae
765 3447 876 3539 dicit,
908 3447 999 3523 nihil
1020 3443 1211 3539 interesse,
1247 3449 1330 3539 quis

387 3549 421 3618 le
447 3561 493 3619 at.

262 3656 329 3736 258
358 3567 444 3720 Ubig
451 3668 470 3717 a
488 3640 754 3717 Donatistarum
767 3641 950 3736 Episcopo
972 3643 1145 3714 recitatur
1162 3580 1326 3738 epistola,

384 3767 488 3838 quarn
507 3740 677 3816 miserunt
698 3745 740 3814 ad
755 3744 913 3836 judicem
928 3740 1147 3833 Donatistae,
1175 3764 1254 3832 quae
1273 3758 1327 3817 tc·

381 3844 555 3919 stimoniis
579 3840 713 3913 referta
739 3843 912 3936 legalibus
936 3842 1003 3913 illa
1021 3843 1142 3913 omnia
1168 3841 1326 3916 testimo·

384 3949 443 4018 nia
463 3943 556 4034 quah
580 3942 769 4013 contrariis
788 3942 923 4011 nitetur
948 3938 1164 4041 excludere,
1191 3965 1268 4035 quae
1285 3947 1323 4017 in

287 4071 290 4077 ·
383 4045 553 4121 mandato
570 4041 635 4117 suo
653 4024 834 4117 Catholici
852 4038 1132 4136 posuerunt.

1156 4076 1307 4229 atuh·
