3200 4784
405 433 465 491 ne
489 374 1177 541 llorrurrsrunuuliranum.¹
1210 446 1213 451 ·
1246 428 1318 518 239

246 576 324 654 sule
346 574 525 650 desideriis
545 564 619 666 ejus
638 590 759 665 parem
780 568 909 665 seipse
930 570 1108 666 subJecit,
1133 574 1177 648 -u
1195 574 1318 673 feralis

250 676 377 753 editlis
396 674 588 771 proposito
614 672 790 769 sacrilege
814 672 961 747 unitatis
981 672 1110 750 iterum
1127 674 1242 751 soedus
1260 702 1319 754 ce·

245 776 379 852 lebrari
403 770 608 848 constitutis
630 772 846 845 cruciatibus
871 772 1085 867 imperavit,
1118 776 1233 870 legem
1255 778 1319 854 sci·

246 880 337 951 lieet
360 876 493 947 addens
514 872 658 964 insuper
673 868 931 969 Traditorum‚
963 886 1005 945 ut
1022 878 1195 968 perenni,
1222 901 1317 970 quos

249 974 411 1049 Christus
433 992 502 1067 pro
524 971 558 1045 se
575 971 720 1045 mandat
735 970 870 1062 recipi,
892 973 937 1043 ab
951 972 1119 1049 omnibus
1143 978 1317 1075 pelleren-

247 1093 329 1167 tur,
348 1093 417 1147 nec
433 1071 674 1165 qead'eontra
687 1070 834 1143 unitatis
847 1069 981 1143 foedera
992 1073 1228 1170 molirentur,
1246 1100 1318 1157 nec

247 1197 369 1251 moras
393 1162 547 1268 proinde
572 1170 835 1265 triumphorum
856 1166 1001 1247 suorum
1022 1170 1193 1249 sustinens
1216 1175 1318 1267 Chii.

247 1275 343 1363 stus,
357 1264 488 1369 'segnes
504 1271 668 1343 dividere
684 1268 788 1363 hoste
805 1284 1037 1362 provocante
1049 1276 1220 1368 proprios
1239 1300 1317 1357 nou

249 1370 409 1472 permisit
423 1371 614 1444 exercitus.
656 1366 726 1441 Sed
744 1369 854 1464 elegit
869 1367 983 1445 statim
1002 1371 1185 1449 robustum
1204 1378 1249 1471 de
1262 1385 1320 1455 vi.
1380 1386 1383 1391 ’

249 1479 298 1548 ris
321 1473 477 1546 fortibus
496 1471 644 1544 militem
664 1468 942 1562 Maximianum,
968 1490 1085 1561 quem·
1098 1472 1143 1548 de
1162 1479 1224 1549 tali
1243 1500 1319 1555 cer·
1396 1484 1400 1491 “

250 1575 385 1647 tamine
409 1571 548 1644 faceret
568 1568 773 1664 gloriosum.
824 1566 916 1643 Nou
942 1572 1042 1661 quod
1065 1577 1186 1648 caeteri
1208 1579 1319 1673 impa-

249 1695 308 1746 res
328 1670 460 1759 ellent3
488 1666 546 1742 sed
566 1682 606 1739 ut
626 1668 671 1741 de
691 1687 767 1741 uno
787 1680 909 1743 totum
930 1668 1063 1746 bellum
1087 1671 1247 1769 lingulati
1266 1680 1317 1753 di·

249 1773 445 1848 minatione
466 1766 773 1861 prosterneretur,
807 1787 914 1859 quem
929 1769 1001 1860 jam
1022 1772 1117 1846 bene
1137 1772 1251 1849 sciens
1269 1780 1318 1855 de
1340 1795 1348 1821 ’

242 1864 364 1966 'prima
397 1868 619 1943 conselliune
649 1866 948 1963 magnanimum,¹
972 1873 1151 1946 cumulata
1178 1876 1317 1955 virtute

250 1971 425 2066 produxit
451 1980 649 2060 armatum,
683 1980 826 2041 utnon
851 1964 939 2040 esset
962 1969 1051 2043 illud
1074 1992 1229 2049 vacuum
1254 1980 1318 2055 vel

248 2075 376 2162 inane,
394 2069 501 2161 duod
521 2069 571 2140 illi
588 2068 751 2164 dignatus
770 2064 822 2141 est
837 2066 1014 2144 Dominus
1032 2086 1116 2145 ante
1133 2074 1226 2149 diem
1243 2078 1318 2171 pas·

249 2173 359 2245 fionis
383 2167 583 2243 ostendere.
634 2166 730 2240 Nam
749 2165 868 2241 suerat
886 2168 918 2241 ei
934 2169 1050 2264 pridie
1068 2192 1150 2250 curn
1172 2179 1320 2266 quibus-

252 2271 332 2343 dam
352 2260 533 2343 Fratribus
557 2268 594 2340 in
620 2268 732 2342 domo
753 2268 938 2342 laudabilis
960 2270 1028 2343 viri
1051 2271 1096 2346 de
1119 2270 1318 2356 sobrietate

252 2369 449 2445 Christiana
464 2368 701 2461 convivium,
720 2370 780 2460 qui
795 2387 877 2441 cum
892 2369 1039 2446 calicem
1053 2386 1244 2465 potaturus
1259 2399 1320 2453 ac·

251 2473 412 2564 ciperet,
446 2490 515 2542 nec
537 2487 613 2540 non
637 2464 784 2542 subinde
805 2465 1129 2567 miscuissetpecce
1150 2479 1318 2569 pronum

250 2571 287 2645 se
311 2590 449 2642 corona
474 2565 690 2640 descendens
712 2569 807 2641 intra
833 2567 954 2643 calicis
981 2588 1062 2641 oras
1085 2571 1246 2671 infudit,
1281 2582 1317 2655 dt

247 2672 346 2743 intus
370 2667 502 2740 inclusa
527 2668 713 2738 cohaerens
738 2664 933 2756 utrobique
957 2667 1129 2743 lateribus
1150 2677 1260 2752 mixta
1282 2680 1318 2754 dr

249 2769 363 2862 ipsum
389 2764 590 2854 conclusit,
625 2763 673 2836 sic
693 2762 880 2854 splendido
903 2762 1169 2862 sanguineoque
1188 2779 1317 2854 colore

249 2866 462 2960 diffulgens,
487 2880 529 2934 ut
545 2861 650 2935 instar
664 2861 828 2954 passionis
844 2861 881 2933 in
896 2861 1064 2960 sanguine
1079 2866 1316 2963 &splendore

249 2967 383 3063 pariter
408 2963 537 3037 futurae
556 2963 593 3034 in
613 2962 707 3035 coelo
728 2961 901 3056 proderet
919 2962 1111 3061 dignitatis.
1161 2971 1247 3046 Hoc
1265 2978 1319 3054 illl

248 3067 457 3142 miraculum
476 3062 731 3161 gaudebundus
755 3061 891 3167 cunstis
916 3061 1145 3157 presentibus
1170 3070 1318 3151 demon.

248 3168 400 3254 strabat,
420 3164 616 3255 &omnes,
632 3177 674 3234 ut
690 3162 808 3237 secum
826 3164 958 3237 exinde
972 3168 1248 3267 computassent,
1266 3177 1317 3249 di·

249 3265 415 3339 lestionis
441 3267 583 3354 animo,
610 3264 854 3359 conrogabat,
889 3263 1102 3340 &volebat
1124 3268 1194 3344 else
1219 3296 1320 3351 com·

251 3387 378 3454 mune,
400 3364 644 3454 quodcunque
661 3365 877 3459 contigerat.
928 3362 980 3437 At
994 3366 1180 3458 postquam
1195 3372 1228 3445 dr
1243 3375 1318 3469 ipse

252 3466 362 3558 coepit
384 3464 553 3552 ebibere,
579 3464 681 3534 nullo
698 3465 812 3536 modo
835 3483 984 3537 corone
1008 3469 1160 3541 ambitus
1176 3488 1324 3567 rumpe·¹

251 3565 381 3655 batur,
416 3559 474 3633 sed
497 3564 683 3634 commixti
703 3563 817 3635 modo
842 3560 1025 3655 semetipsa
1046 3561 1167 3641 sensim
1184 3570 1319 3649 subtra-

250 3665 374 3738 hendo
400 3661 645 3749 debrevians,
678 3661 752 3734 imo
778 3663 840 3734 vel
864 3664 1065 3759 colligens,
1103 3689 1184 3742 curn
1205 3688 1318 3764 potus
1358 3696 1361 3701 ·

252 3766 452 3856 quantitate
477 3758 645 3833 subduste
666 3761 740 3865 bibi
761 3761 966 3853 nitebatur,
999 3779 1041 3835 ut
1061 3766 1236 3863 interius,
1253 3771 1317 3850 'ad

252 3884 357 3954 quem
383 3876 555 3949 venerat,
584 3862 738 3931 animum
761 3859 900 3933 faceret
922 3879 1150 3942 coronatum.
1209 3871 1320 3946 Deni-

250 3983 320 4054 que
335 3965 395 4032 ille
410 3963 588 4036 continuo
599 3960 643 4031 de
655 3960 716 4031 tali
732 3954 921 4031 securitate
932 3962 1003 4051 jam
1018 3961 1130 4036 fretus
1145 3969 1181 4041 in
1198 3973 1317 4063 poste·
1394 3974 1397 3981 '

247 4080 329 4139 rum
342 4061 437 4140 diem
453 4064 664 4138 ebrietatem
680 4059 837 4155 pridiani
847 4060 969 4173 calicis
984 4060 1200 4162 erudabat,
1219 4072 1342 4149 reim,

1242 4178 1315 4232 tra
