3200 4784
506 385 656 480 416
1018 373 1672 452 Mommsen-ra
1721 375 2146 453 Vz‘rtna

510 547 649 616 lica
695 541 918 611 dixae'r·
980 535 1367 630 Nunquam
1420 535 1714 612 fuerunt
1763 533 2214 628 Donatistae,
2301 555 2456 612 nec
2495 536 2640 629 sunt,

508 663 651 719 nec
709 639 1090 730 aliquando
1148 637 1482 710 sederunt
1534 637 1968 712 cathedram.
2075 638 2468 710 Habetdeus
2525 641 2640 736 Epi·

498 745 715 836 scopin
764 743 969 810 dixit:
1032 737 1274 811 Modo
1322 736 1626 829 oppreffi
1666 735 1850 812 sunt.
1947 740 2042 809 Et
2081 744 2444 816 recitavit.
2517 739 2640 814 Bar·

512 845 729 916 barus
774 837 1177 931 Episcopus
1236 839 1462 929 plebis
1511 835 2118 932 Hierpinianenfis
2178 859 2456 914 coram
2507 843 2640 912 viro

513 937 885 1014 clarissimo
903 935 1238 1008 Tribuno
1268 936 1334 1008 &
1358 936 1700 1010 Notat-io
1719 936 2153 1009 Marcellino
2183 933 2642 1032 suprascripta

512 1037 854 1117 mandavi
912 1036 979 1108 &
1029 1033 1389 1126 subscripsi
1439 1033 1875 1130 Carthagini.
1978 1041 2128 1130 ,Quo
2185 1045 2484 1110 recitato
2529 1043 2646 1110 iden

510 1143 721 1212 dixit.-
772 1135 949 1210 Non
987 1135 1221 1208 habeo
1251 1134 1633 1208 Neminem
1671 1137 2134 1211 contrarium.
2241 1141 2644 1212 Valentina-

510 1266 643 1313 πω
700 1244 1017 1309 Dicamus
1052 1237 1265 1305 dixit.-
1330 1231 1748 1328 Moecopius
1799 1236 2171 1308 dicebatur
2217 1235 2644 1332 Episcopus,

516 1339 749 1414 exivit
761 1337 876 1407 de
908 1354 1245 1426 corpore.
1321 1337 1414 1404 Et
1448 1342 1779 1408 recitavit.
1833 1335 2349 1410 Secundianus
2389 1337 2646 1431 Episco-

510 1459 647 1535 pus
670 1437 897 1532 plebis
920 1434 985 1506 H
994 1434 1441 1507 ermianenfis
1463 1454 1707 1506 coram
1732 1437 1898 1506 viro
1923 1435 2304 1510 clariffimo
2329 1437 2646 1514 Tribuno

506 1541 586 1612 &
629 1536 948 1610 Notario
994 1534 1427 1606 Marcellino
1478 1532 1938 1628 suprascripta
1997 1536 2351 1609 mandavi
2410 1539 2484 1611 δι
2529 1539 2648 1610 sub-

511 1635 748 1730 scripsi
782 1633 1216 1729 Carthagini.
1270 1636 1415 1724 Quo
1445 1640 1710 1705 recitato
1735 1636 1895 1703 idem
1925 1636 2129 1704 dixit.-
2173 1636 2486 1710 Contra
2511 1637 2651 1712 mihi

512 1736 621 1812 est
672 1732 1146 1809 Maximianus
1194 1730 1614 1827 Episcopus.
1723 1734 1820 1804 Et
1867 1735 2181 1805 accedente
2233 1742 2586 1808 Maximi
2587 1760 2650 1808 m

518 1835 808 1932 Epifiopo
840 1837 995 1903 idem
1027 1835 1227 1902 dixit.
1281 1830 1628 1929 Agnosco
1662 1833 1884 1907 illum.
1971 1834 2064 1904 Et
2097 1840 2478 1908 recitavit.-
2543 1835 2650 1909 Po-

513 1936 901 2012 stumianus
954 1927 1351 2025 Episcopus
1406 1934 1633 2024 plebis
1687 1931 2112 2027 Tagorensis
2170 1955 2446 2010 coram
2511 1938 2648 2009 viro

514 2032 890 2110 clariffimo
909 2030 1245 2104 Tribuno
1276 2030 1340 2102 &
1369 2031 1441 2102 N
1447 2035 1686 2104 otar1o
1713 2031 2142 2105 Marcellino
2180 2032 2650 2128 suprascripta

511 2132 851 2214 mandavi
907 2130 974 2202 δι
1027 2129 1385 2221 subscripsi
1437 2129 1873 2246 Carthagini.
1980 2138 2128 2226 Quo
2181 2141 2473 2206 recitato
2519 2140 2650 2206 idm

511 2237 735 2308 dixit.-
790 2214 1180 2302 Catholicae
1214 2228 1315 2300 est
1345 2232 1663 2302 unitatis.
1773 2233 1865 2301 Er
1896 2237 2238 2303 recitavit=
2288 2234 2649 2309 Barbaria·

511 2353 652 2411 nus
688 2328 1086 2421 Episcopus
1117 2329 1350 2423 plebis
1384 2328 1912 2421 Creperulenfis
1948 2351 2190 2405 coram
2227 2335 2414 2408 viro
2449 2331 2649 2408 claris-

514 2435 693 2511 fimo
744 2428 1085 2501 Tribuno
1146 2427 1215 2500 Gt
1285 2429 1603 2502 Notario
1677 2429 2114 2504 Marcellino
2181 2431 2650 2528 suprascripta

512 2531 852 2610 mandavi
904 2530 971 2600 &
1020 2526 1377 2618 subscripsi
1427 2526 1862 2623 Carthagini.
1978 2534 2127 2625 Quo
2179 2555 2268 2602 re
2278 2539 2466 2605 irato
2513 2541 2648 2604 ndens

515 2635 733 2705 dixit:
769 2627 1147 2702 Catholica
1177 2627 1277 2700 est
1306 2643 1610 2704 tantum.
1671 2630 2019 2701 Valentim
2000 2655 2182 2700 Manus
2211 2636 2555 2704 Diae-onus
2573 2635 2648 2702 di-

507 2738 665 2805 -xitt
733 2728 913 2801 Non
954 2728 1322 2802 habemus.
1426 2730 1523 2799 Et
1582 2732 1925 2800 recitavit.-
1989 2730 2194 2803 Felix
2247 2728 2644 2826 Episcopus
2722 2825 2726 2826 ἢ
