3200 4784
220 488 223 493 .
350 380 1189 509 'sse-Donarrsra'nusr‘Hrshonrn
1254 390 1330 503 ἐἷς

215 606 217 617 ⁴
260 576 389 651 cilium
402 593 479 647 non
492 570 661 662 haberet,
688 570 732 647 ad
744 582 935 662 utrumque
949 570 983 642 lc
995 569 1231 665 respondere,
1247 575 1333 662 quia

260 677 407 768 fiprius
430 670 531 745 causa
553 671 596 744 ad
619 670 875 764 Imperatorem
900 667 996 743 missa
1020 669 1094 756 est,
1127 692 1200 761 quo
1226 673 1331 745 exitu

261 772 527 863 terminatam,
547 769 724 862 'expetiari
741 785 937 862 oporteret
963 769 987 841 sl
1004 781 1122 843 autern
1139 770 1261 863 postea
1276 775 1330 845 ni·

260 873 458 948 hilominus
481 868 745 959 nonistorum,
770 867 830 940 sed
851 868 945 940 illius
959 868 1130 960 jndicium
1149 868 1218 943 else
1234 891 1329 964 quae·

262 974 438 1061 rendum,
464 989 538 1060 quo
554 990 629 1043 eam
644 968 724 1060 post
732 967 904 1059 judicium
918 965 1014 1039 suum
1030 970 1238 1044 mittendam
1264 992 1329 1062 pu·

264 1085 403 1144 tarunt.
451 1067 523 1141 Sed
542 1089 622 1140 cum
638 1069 749 1141 multa
762 1065 959 1139 Donatistae
973 1065 1166 1140 insererent
1177 1070 1221 1142 de
1230 1068 1329 1143 Con·

259 1171 341 1246 sstle
357 1170 391 1240 δι
408 1168 485 1258 die,
513 1188 576 1240 cur
592 1171 629 1238 in
646 1166 789 1239 suorum
804 1166 977 1259 majorum
993 1164 1162 1239 Concilio
1183 1190 1259 1242 non
1277 1171 1328 1242 le·

259 1283 431 1367 geretur,
457 1288 503 1341 ne
524 1268 612 1339 hinc
628 1265 784 1338 salsitatis
805 1277 1058 1362 arguerentur,
1085 1266 1336 1345 &assererent

261 1373 360 1444 hanc
383 1365 452 1440 elle
472 1365 746 1440 Ecclehasticam
772 1362 1102 1455 consuetudinem,
1119 1388 1167 1440 ne
1194 1369 1267 1441 dies
1293 1369 1328 1441 ht

264 1466 443 1542 Consules
463 1467 614 1538 decretis
630 1463 889 1557 Episcoporum
908 1463 1239 1559 conscriberentur,
1256 1469 1328 1565 legi

264 1571 437 1640 volentes
463 1569 569 1637 etiam
596 1564 795 1637 Concilium
817 1561 1008 1655 Cypriani,
1034 1579 1076 1636 ut
1102 1565 1175 1639 hoc
1200 1571 1330 1661 proba-

215 1730 219 1757 ,
264 1682 376 1750 rent,
409 1668 488 1755 quia
508 1664 593 1735 nihil
613 1665 706 1736 aliud
724 1662 785 1735 nisi
804 1682 915 1735 more
937 1666 1204 1751 querebantur:
1232 1665 1329 1761 (Ne-

216 1836 219 1841 .
267 1787 340 1858 que
359 1766 452 1835 enim
473 1763 649 1840 Catholici
665 1765 701 1835 in
721 1784 767 1835 eo
786 1762 923 1835 causam
943 1760 1036 1837 suam
1053 1763 1328 1860 constituerant,

216 1948 220 1955 ⁵
268 1865 414 1956 qsrando
439 1864 481 1935 ad
507 1877 698 1953 utrumque
718 1859 1001 1954 responderant,
1034 1862 1109 1936 slve
1134 1866 1229 1956 prius
1255 1867 1330 1941 slve

215 1976 221 2041 ᾳ
265 1961 443 2058 posterius
468 1960 554 2035 esset
581 1961 668 2034 illud
692 1959 920 2051 Concilium,
946 1961 1044 2053 quod
1066 1979 1194 2037 contra
1216 1963 1328 2037 Caecl·

215 2050 223 2063 ’
265 2065 399 2136 lianum
426 2062 518 2154 apud
545 2058 794 2156 Carthaginem
820 2059 1019 2158 socerina)
1039 2062 1132 2152 jussit
1158 2066 1328 2161 cognitor

216 2152 218 2161 ’
269 2162 468 2234 Catholicis
486 2158 717 2254 instantibus,
735 2175 776 2232 ut
789 2159 852 2239 ista
867 2161 1010 2256 potius,
1036 2183 1114 2254 que
1129 2164 1237 2238 dilata
1253 2163 1329 2238 sue·

215 2322 222 2359 ἱ
268 2276 370 2351 rant,
396 2263 612 2356 legerentur.

215 2414 227 2431 .
349 2364 423 2455 Cap.
437 2362 561 2432 XVII.
582 2359 619 2432 T
620 2380 690 2433 unc
698 2358 901 2444 Donatistae
916 2359 1017 2430 aliam
1031 2357 1260 2446 questionem
1277 2363 1331 2436 in·

215 2454 227 2527 ζ
269 2458 522 2552 ternosuerunt
537 2479 718 2533 morarum
731 2459 978 2549 plenissimam,
996 2454 1054 2527 sed
1071 2466 1198 2529 revera
1209 2461 1245 2532 in
1261 2483 1332 2552 qua

216 2546 226 2643 f
269 2580 339 2652 pro
354 2558 387 2631 se
400 2562 564 2630 laborare
578 2561 795 2647 voluerunt,
813 2552 997 2646 spolient
1015 2551 1217 2649 ostendere,
1233 2560 1332 2650 quod

215 2692 226 2735 :
270 2659 473 2743 volebant,
511 2655 598 2725 illud
626 2653 762 2725 scilicet
789 2650 950 2725 Cirtense
978 2652 1182 2730 Concilium
1207 2644 1331 2734 falsum
1380 2717 1383 2723 .

215 2738 224 2767 ‘
274 2753 367 2844 elle,
402 2754 462 2824 uhi
489 2749 586 2824 lette
612 2752 755 2824 fuerant
772 2752 1009 2828 consessiones
1029 2751 1261 2833 Traditoruin
1280 2759 1333 2832 in·

215 2850 223 2933 ;’
247 2851 475 2926 ·vicems1bl
503 2849 790 2946 ignoscentium,
826 2872 874 2924 ne
901 2849 1048 2925 schisma
1075 2849 1210 2948 fieret,
1251 2860 1333 2949 quia

271 2953 334 3046 iph
367 2953 600 3047 legebantur,
636 2952 730 3024 inter
764 2951 915 3024 cae'teros
947 2967 1076 3033 contra
1108 2953 1334 3034 Caecilianum

215 3052 221 3137 ζ
273 3050 454 3126 absentem
473 3051 662 3124 sententias
679 3048 876 3146 protulisse.
925 3051 1012 3123 Hoc
1031 3073 1118 3147 ergo
1135 3054 1256 3130 falsum
1274 3059 1335 3130 de·

215 3140 219 3167 '
271 3148 470 3226 monstrare
495 3165 670 3223 conantes
695 3152 807 3224 multa
832 3151 1025 3241 dixerunt,
1062 3150 1121 3226 sed
1147 3157 1213 3227 alia
1238 3159 1333 3230 levia

215 3316 218 3341 ,
272 3248 345 3324 else
376 3249 438 3342 iph
461 3250 687 3341 iudicantes,
726 3250 800 3322 duo
827 3250 983 3342 quedam
1010 3253 1047 3325 in
1072 3274 1114 3326 ea
1140 3254 1335 3343 qttoestione

273 3350 425 3423 multum
445 3350 819 3439 commendaverunt,
852 3348 885 3423 &
907 3351 1015 3424 ineis
1034 3355 1185 3427 multum
1208 3358 1336 3429 immo·

273 3449 342 3521 rati
360 3447 459 3534 sunt;
485 3466 620 3538 unum,
647 3449 729 3539 quia
746 3461 874 3521 contra
892 3446 1168 3526 Ecclesiasticam
1187 3454 1336 3528 eonsue-

273 3547 434 3619 tudinem
452 3545 563 3639 ipsum
579 3545 741 3620 Cirtense
760 3545 962 3624 Concilium
980 3548 1172 3624 Consulem
1191 3553 1223 3625 &
1241 3555 1335 3632 diem

273 3648 452 3735 haberet,
487 3647 636 3720 alterum
659 3664 807 3740 autem,
835 3650 941 3741 .quod
965 3651 1223 3744 persecutionis
1248 3668 1337 3729 tem-

250 3765 367 3839 ,pore
391 3764 468 3817 non
493 3743 609 3838 pollet
630 3745 834 3821 Concilium
859 3753 1081 3846 congregari.
1133 3748 1337 3845 Exigebam

276 3863 364 3938 ergo
380 3843 579 3919 Donatistae
591 3843 841 3939 acatholicis,
858 3860 900 3919 ut
915 3853 977 3923 vel
990 3852 1057 3924 alia
1072 3849 1234 3924 Concilia
1251 3874 1340 3947 pro.

274 3942 415 4021 ferrent
433 3946 578 4038 antiqua
592 3942 867 4040 Episcoporum,
881 3949 943 4023 uhi
961 3949 1192 4024 ostenderent
1202 3952 1340 4026 Consu·

274 4046 328 4120 les
344 4042 378 4118 u
393 4043 468 4119 dies
482 4049 589 4123 etiam
602 4044 849 4139 conscriptos,
875 4048 995 4125 uelde
1008 4046 1089 4146 ipsas
1106 4046 1229 4127 saoslis
1246 4054 1347 4137 Scri,

771 4141 890 4240 005
1001 4190 1004 4195 -
1062 4202 1065 4207 .
1178 4153 1308 4237 utut‘u
1368 4189 1372 4193 -
