3200 4784
609 395 757 472 Lsssn
796 415 982 486 saturus.
1260 416 1350 490 105.

263 561 419 658 spiritus
441 559 645 634 serebatur!
678 553 714 628 Ο
735 576 846 647 aqua,
882 577 957 648 que
977 571 1020 630 ut
1040 577 1169 654 purum
1192 559 1330 638 faceres

256 665 415 752 orbem,
436 659 552 736 lavisti
572 657 723 732 terram!
753 655 912 746 anua,
940 675 1017 747 quae
1035 657 1096 730 sub
1113 659 1266 754 Moyse,
1289 679 1330 739 ut

262 767 464 838 naturalem
486 760 755 834 amaritudinem
780 757 972 846 perderes,
1008 756 1189 834 indulcata
1216 763 1331 856 ligne,

262 877 327 935 tot
352 869 570 953 populorum
590 855 737 951 pedrosa
761 853 963 928 suaviffimis
987 856 1165 932 haustibus
1184 861 1330 936 satiasti!

262 961 438 1036 Restabat
466 961 531 1032 tibi
558 956 639 1053 post
660 956 932 1048 promotionem
955 977 1032 1028 non
1055 957 1187 1031 leviter
1209 964 1333 1061 degsa.

265 1063 355 1137 dari.
414 1055 601 1146 Prpesentia
616 1053 736 1146 Moysi
759 1056 795 1128 in
820 1069 857 1126 te
876 1057 1072 1128 amaritudo
1093 1062 1270 1154 moritur,
1297 1064 1332 1136 dr

264 1158 525 1234 ascirismaticis
541 1158 652 1230 hodie
668 1173 747 1226 cum
765 1151 1039 1230 catholicorum
1056 1160 1160 1231 turba
1175 1160 1330 1235 dulcedo

265 1274 331 1332 tua
349 1273 512 1332 vexatur.
565 1256 670 1328 Pares
690 1253 845 1346 patimur
864 1256 1017 1344 bellum,
1041 1278 1145 1351 pares
1168 1258 1332 1354 expedia·

266 1380 346 1434 anus
370 1360 552 1431 vindicem
564 1357 696 1430 Deum.
749 1352 820 1424 llic
840 1350 951 1426 frater
966 1353 1218 1450 Parmenione,
1248 1359 1332 1450 quid

268 1463 378 1531 vobis
401 1460 539 1532 fecerat
561 1452 694 1526 locus?
726 1450 811 1544 quid
833 1451 893 1546 ipss
917 1454 1091 1546 parietes,
1126 1469 1204 1528 uta
1226 1461 1333 1534 vobis

267 1557 332 1631 ista
347 1553 583 1650 paterentur?
610 1554 671 1626 An
689 1555 770 1646 quia
787 1553 862 1624 illic
881 1569 1027 1648 rogatus
1047 1553 1097 1626 est
1111 1553 1241 1628 Deus?
1273 1556 1334 1632 'An

269 1661 352 1750 quia
371 1661 443 1730 illic
459 1657 622 1728 laudatus
641 1651 691 1725 est
707 1650 890 1732 Christus?
907 1653 978 1726 An
997 1658 1076 1745 quia
1097 1652 1169 1726 illic
1183 1657 1336 1730 invoca·

270 1771 330 1828 tus
357 1756 408 1827 est
430 1756 580 1847 Spiritus
605 1751 777 1824 Sanctus?
811 1749 871 1822 An
894 1755 975 1842 quia
996 1755 1103 1825 vobis
1128 1752 1332 1830 absentibus

272 1856 347 1924 illic
368 1854 608 1944 Propheta&
623 1850 738 1924 studia
755 1846 951 1944 Evangelia
969 1855 1116 1925 recitata
1137 1852 1245 1929 sunt?
1272 1854 1335 1931 An

275 1952 358 2041 quia
373 1954 447 2022 illic
463 1951 638 2042 fratrum,
659 1953 733 2043 jam
753 1950 886 2024 dudum
902 1950 1113 2045 litigantium
1134 1955 1336 2030 concorda·

272 2067 404 2128 verant
423 2048 591 2124 mentesl
624 2049 684 2122 tln
711 2049 792 2140 quia
818 2051 935 2120 unitas
955 2050 1039 2122 Deo
1053 2052 1191 2144 placita
1209 2055 1245 2128 in
1266 2075 1335 2146 qua

269 2150 473 2240 habitaret,
494 2152 686 2224 invenerat
699 2146 872 2223 domum?
898 2148 1078 2242 indicate,
1097 2152 1181 2242 quid
1198 2153 1271 2228 illic
1287 2157 1334 2228 la·

271 2269 361 2320 vare
379 2247 544 2344 potuistis
558 2248 584 2322 2.
616 2251 652 2319 Si
669 2247 941 2322 catholicorum
960 2249 1107 2347 vestigia
1133 2254 1165 2326 ἃ
1190 2255 1227 2328 in
1247 2256 1335 2336 vico

273 2349 308 2420 oa
329 2351 366 2420 in
386 2351 511 2440 plateis
531 2350 771 2438 calcavimus,
800 2369 910 2439 quate
931 2369 1006 2421 non
1033 2354 1152 2424 omnia
1173 2354 1337 2426 eruenda·

273 2445 348 2519 tiss
382 2447 479 2522 Nam
502 2447 805 2522 &fovendorum
832 2468 1028 2541 corporum
1054 2447 1178 2540 causa,
1212 2453 1338 2528 eadent

241 2581 247 2590 ·
274 2563 347 2620 nos
375 2548 408 2618 δι
432 2567 503 2620 vos
529 2550 671 2618 lavacra
695 2551 829 2640 pariter
851 2552 1065 2635 abluerunt3
1101 2548 1239 2620 &ante
1266 2572 1337 2623 vos

272 2644 482 2735 frequenter
500 2645 702 2720 nostrorum
723 2649 789 2718 loti
807 2645 887 2716 sunt
902 2648 1013 2718 multi.
1041 2646 1076 2715 si
1093 2645 1173 2738 post
1188 2669 1257 2720 nos
1276 2672 1339 2742 pu-

272 2742 445 2818 ristcanda
473 2745 606 2836 putatis
633 2747 775 2831 omnia,
807 2746 927 2814 lavate
953 2746 1154 2833 braquam,
1187 2746 1211 2819 s1
1236 2755 1339 2837 pote-

276 2843 355 2916 stis:
392 2844 492 2916 autfi
510 2841 655 2937 vestigia
677 2839 739 2936 (ut
758 2839 1034 2938 supradiximus)
1051 2842 1172 2918 nostra
1188 2845 1256 2919 else
1273 2871 1340 2922 vo·

275 2945 331 3016 bis
353 2945 523 3016 videntur
546 2944 704 3035 polluta,
731 2939 905 3013 sufficeret
925 2955 1040 3014 terra:
1068 2946 1211 3036 utquid
1229 2947 1262 3022 &
1279 2970 1343 3042 pa·¹

276 3043 387 3115 rietes
402 3046 526 3116 lavare
543 3040 726 3133 voluistis,
747 3042 784 3114 in
801 3042 926 3132 quibus
940 3043 1091 3128 hument
1103 3059 1180 3117 non
1193 3046 1340 3142 pellunt

276 3143 367 3236 poni
389 3139 564 3237 vestigia?
598 3140 752 3236 parietes
768 3161 853 3226 ,non
871 3143 1033 3235 calcare,
1060 3139 1119 3216 sed
1132 3157 1271 3220 tantum
1287 3150 1342 3219 vi·

277 3243 365 3312 dere
386 3243 582 3331 potuimus.
638 3239 673 3313 Si
698 3241 849 3331 &quod
871 3244 985 3337 tangit
1005 3240 1187 3335 aspedlus,
1220 3247 1342 3319 lavan-

280 3341 365 3412 dum
381 3337 450 3410 esse
465 3339 635 3426 censetis,
655 3359 719 3411 cur
735 3352 863 3412 caetera
880 3339 1049 3414 dimisistis
1066 3342 1205 3416 inlota?
1232 3345 1344 3418 Vide·

277 3460 357 3514 mus
373 3433 526 3520 testum,
553 3438 766 3514 videmus&
785 3440 936 3529 coelum,
962 3440 1039 3511 haec
1063 3461 1083 3512 a
1105 3444 1211 3513 vobis
1231 3444 1344 3517 lavari

278 3555 356 3612 non
372 3533 539 3629 pollunt3
564 3538 623 3610 illa
640 3538 795 3610 lavando
815 3538 999 3629 promeriti
1018 3537 1097 3610 estis
1116 3539 1252 3611 Deum:
1279 3541 1354 3618 iste

278 3635 560 3729 numerando,
586 3637 802 3728 inexpiabile
824 3635 995 3709 videmini
1017 3637 1201 3709 incurrisse
1221 3660 1347 3731 pecca·

277 3745 370 3811 tum.
422 3735 512 3809 Cum
532 3735 640 3834 igitur
662 3736 743 3808 alibi
761 3735 855 3828 quast
880 3734 1068 3830 diligentes
1088 3738 1202 3809 videri
1220 3737 1347 3836 vultis,

279 3837 363 3908 alibi
384 3838 609 3932 negligentes
625 3832 707 3908 estis
725 3835 886 3908 inventi:
912 3833 936 3907 fi
958 3850 1079 3908 tamen
1099 3835 1280 3934 diligentia
1296 3841 1346 3914 di·

283 3933 401 4008 cenda
423 3932 475 4010 est
492 3933 663 4026 stultitia,
690 3933 724 4004 &
748 3930 812 4026 (ut
833 3953 925 4006 vero
952 3936 1100 4008 nomine
1123 3938 1346 4036 appelletur)

279 4036 422 4112 vanitas
444 4033 587 4114 vestra:
613 4031 677 4114 nisa
695 4031 900 4206 sorteGmia
919 4033 993 4110 hoc
1012 4033 1205 4129 faciendo,
1230 4040 1268 4112 in
1288 4062 1358 4133 pa.

846 4151 893 4224 5·
1167 4157 1296 4213 vorem
