3200 4784
444 415 563 491 ‘6
742 455 753 470 =
855 419 909 480 ⁶.
1172 355 1922 509 ,Ortum-Arm

504 576 741 682 „nobis-⁸
768 573 1065 649 militem
1110 589 1263 644 non
1303 567 1441 642 esse
1481 572 1784 663 petit'um
1808 624 1834 664 ‚
1887 572 1953 645 ἃ
1994 571 2084 645 ad
2118 589 2257 650 nos
2290 593 2450 649 non
2486 596 2651 672 per·

515 671 752 751 tinere
779 724 804 757 ,
875 673 1090 764 quod·
1116 674 1200 743 ab
1243 672 1584 762 operariis
1622 675 1916 744 unitatis
1958 672 2215 746 dicitur
2265 665 2424 749 ess'e'
2456 697 2681 751 eorm».

517 776 814 860 missum.
919 775 1207 865 Quarto
1256 773 1483 861 loco,
1552 771 1670 860 qui
1720 771 1804 843 fit
1847 788 2234 863 peccator,
2303 776 2504 867 cujus
2557 774 2654 849 sa·

523 869 873 950 crificium
908 872 1235 965 repudiat
1276 870 1472 941 Deus
1494 922 1518 960 ‚
1567 872 1698 964 vel·
1727 872 1926 960 ct'1J‘us
1961 875 2203 946 oleum
2233 873 2652 971 fugiendum

418 1018 422 1022 -
520 977 645 1062 ᾗς.-
733 975 1062 1069 Quinto,
1117 970 1205 1043 de
1240 968 1689 1061 Baptismate.
1804 971 2077 1062 Sexto,
2131 972 2221 1046 de
2250 974 2655 1050 inconfide-

442 1099 449 1109 ’
521 1076 695 1148 ratis
731 1070 1389 1164 praesumptionibus
1427 1071 1491 1140 ἀ
1531 1070 1893 1144 erroribus
1928 1073 2200 1144 vestris,

681 1181 744 1252 8.
799 1170 936 1242 Sed
972 1171 1374 1262 prius-quarn
1412 1174 1500 1242 de
1530 1172 1745 1241 rebus
1781 1171 2057 1265 singulis
2088 1173 2349 1263 aliquid
2387 1173 2658 1250 dicam:

523 1273 722 1367 quod
747 1291 1029 1354 carnem
1054 1266 1306 1340 Christi
1344 1271 1524 1358 male
1563 1269 2017 1364 traciaveriS,
2067 1275 2396 1345 breviter
2418 1273 2659 1346 osten·
2739 1315 2746 1322 ·

523 1376 708 1448 dam.
755 1369 1330 1468 '‘Dixistienim‚
1385 1381 1667 1444 carnem
1702 1371 1886 1442 illam
1908 1376 2438 1472 peccatricem,
2492 1375 2657 1467 Jor-

525 1476 728 1547 danis
780 1468 1159 1543 demersam
1215 1469 1541 1560 diluvio,
1612 1470 1697 1539 ab
1746 1471 2086 1543 universis
2141 1473 2465 1546 sordibus
2513 1465 2662 1547 esse

523 1571 957 1649 mundatam.
1058 1567 1338 1639 Merito
1377 1570 1522 1639 hoc
1560 1567 1880 1662 dicereS‚
1931 1567 1975 1641 fi
2018 1591 2185 1644 οπο
2228 1572 2478 1645 Christi
2516 1593 2658 1667 pro

527 1672 863 1746 omnibus
906 1668 1263 1757 baptizata
1309 1664 1703 1757 sufficeret,
1768 1684 1850 1739 ut
1892 1690 2107 1742 nemo
2148 1691 2281 1763 pro
2325 1674 2394 1745 se
2429 1673 2662 1763 bapti-

526 1786 839 1846 zaretur.
946 1767 1015 1835 Si
1066 1767 1162 1837 ita
1209 1764 1426 1857 estet,
1493 1767 1594 1838 ibi
1647 1763 1819 1839 effet
1866 1782 2103 1843 totum
2156 1790 2378 1863 genus
2427 1773 2662 1846 homi-

523 1889 737 1950 num:
803 1867 949 1938 illic
995 1885 1255 1956 omne,
1298 1866 1503 1956 :quod
1549 1867 2026 1960 corporaliter
2057 1886 2302 1943 natum
2347 1871 2489 1960 est:
2554 1874 2663 1943 ni-

500 1966 1051 2054 .„hil,ess'et'inter
1084 1962 1331 2037 fideles
1368 1966 1436 2038 &
1470 1977 2050 2058 unumquemque
2074 1972 2448 2065 gentilem:
2496 1972 2666 2061 quia

526 2071 603 2143 in
661 2068 993 2142 omnibus
1052 2085 1223 2135 οπο
1272 2064 1395 2139 est.
1512 2064 1610 2137 Et'
1663 2066 1825 2138 dum
1865 2088 2084 2139 nemo
2135 2090 2288 2144 non
2340 2070 2480 2161 est,
2536 2069 2676 2161 qui¹

527 2187 686 2241 non
730 2170 1364 2245 habeat-carnem,
1415 2163 1593 2237 ficut
1640 2165 1916 2256 dixisti,
1971 2187 2142 2238 caro
2188 2167 2441 2241 Christi
2483 2168 2666 2240 dilu-

527 2267 662 2339 vio
713 2266 1044 2363 Jordanis
1099 2264 1410 2336 demersa
1461 2263 1626 2343 est2.
1677 2268 1910 2340 omnis
1966 2287 2137 2338 caro
2189 2269 2335 2340 hoc
2391 2265 2668 2341 benefi-

532 2369 717 2438 cium
762 2362 1344 2452 consequeretur.
1449 2361 1668 2435 Aliud
1705 2363 1804 2437 est
1845 2367 2040 2439 enim
2082 2387 2252 2439 caro
2292 2365 2545 2440 Christi
2588 2370 2669 2441 in

516 2462 818 2536 -Christo
856 2515 882 2555 ,
951 2462 1136 2548 aliud
1195 2463 1756 2555 uniuscujusque
1802 2465 1877 2536 in
1928 2465 2021 2539 se.
2128 2465 2325 2559 Quid
2376 2468 2506 2539 tibi
2560 2468 2668 2539 vi·
2721 2536 2727 2542 .

528 2563 685 2644 sum
715 2562 816 2636 est
838 2615 863 2654 ‚
922 2582 1204 2633 carnem
1236 2560 1490 2634 Christi
1529 2563 1772 2635 dicere
1806 2564 2336 2657 peccatricem?
2391 2569 2671 2642 utinam

529 2664 806 2736 diceres
833 2717 857 2753 ‚
917 2666 1079 2731 Caro
1113 2663 1436 2731 hominum
1479 2667 1552 2730 in
1587 2687 1772 2756 carm
1808 2665 2068 2761 Christi.
2106 2647 2113 2670 ¹
2170 2665 2244 2737 N
2251 2686 2335 2737 ec
2371 2666 2464 2739 fic
2494 2686 2669 2756 pro-

563 2765 862 2833 ·ehiliter
910 2765 1186 2833 dixeras
1327 2769 1450 2833 ‚uia
1494 2781 1675 2833 unus
1722 2815 1723 2819 η
1783 2765 1835 2833 is
1891 2785 1935 2833 u
2163 2794 2166 2796 >
2300 2801 2302 2803 .
2435 2769 2447 2781 ¹
