3200 4784
395 526 399 530 ,
509 438 789 510 xzvm

513 599 599 682 in
622 592 934 680 Italiam
968 586 1103 678 vel
1124 557 1532 679 Graeciam
1569 591 1902 696 relatus,
1931 555 2519 707 praete'rvehor,
2548 621 2662 685 at-

518 730 687 824 que
738 734 843 790 ex
888 705 1208 792 adversa
1258 706 1480 792 lacus
1532 713 1709 819 ripa
1761 717 2237 819 prominere
2288 716 2502 797 inter
2536 742 2655 797 ar

515 823 810 923 bores,
873 848 919 904 e
959 848 1124 935 qua
1165 820 1440 905 haud
1418 845 1527 905 ita
1559 820 1879 931 pridem
1916 824 2457 929 discesseram,
2519 828 2658 913 do·

515 961 758 1023 mum
790 934 1061 1037 vide0,
1099 936 1491 1047 Principis
1520 936 2155 1042 habitationem,
2195 941 2409 1025 aedes
2443 943 2656 1028 villae

516 1048 962 1162 primarias,

689 1165 1012 1248 Harum
1032 1119 1389 1261 aedium,
1429 1159 1483 1245 Γ
1487 1186 1631 1247 cut
1663 1164 1746 1251 81
1780 1162 2160 1250 Carthus
2135 1193 2513 1254 anorum
2547 1229 2655 1247 ...-
2727 1219 2732 1226 ,

517 1301 615 1362 ut
650 1280 1395 1409 cognominant3-
1433 1279 1926 1379 monasterii,
1958 1282 2364 1383 interiora,
2410 1281 2659 1397 digna

517 1390 741 1494 sunt,
781 1418 897 1589 qlp
842 1419 967 1477 uae
1002 1396 1326 1476 attentis
1366 1392 1624 1475 oculis
1661 1397 2123 1509 animisque
2159 1358 2656 1505 perlustren

517 1529 680 1591 tur.
879 1509 993 1588 ari
1050 1499 1362 1590 ratione
1413 1504 1466 1586 Γ
1442 1530 1616 1589 cut
1670 1530 2040 1591 externa
2056 1504 2349 1610 facies,
2410 1514 2661 1595 etiam

512 1620 690 1705 haec
740 1616 1126 1703 illudunt.
1209 1613 1839 1705 Monasterium
1889 1621 1943 1703 fi
1993 1622 2472 1734 perlustras,
2534 1629 2653 1710 in

514 1756 643 1819 ter
674 1733 1222 1866 coenobitasu,
1201 1761 1282 1816 1n
1317 1732 1591 1817 medio
1628 1734 1997 1819 claustri:
2054 1735 2109 1819 fi
2144 1736 2535 1841 domum,
2567 1742 2657 1823 in

514 1959 864 2049 deberis,

686 2076 883 2162 Pars.
935 2075 1336 2161 interioris
1389 2074 1708 2159 claustri
1770 2081 2182 2187 praeeipua
2244 2080 2357 2163 est
2411 2077 2657 2180 tricli-

368 2240 390 2251 κ
480 2194 751 2276 -nium
801 2194 1008 2274 inter
1063 2188 1233 2273 duo
1294 2190 1708 2274 conclavia
1752 2190 2116 2275 medium
2154 2252 2177 2292 ‚
2261 2190 2493 2303 quod
2530 2190 2653 2277 ad

510 2302 999 2391 habendum
1059 2303 1540 2414 Capitulum
1599 2298 1891 2387 fratres
1951 2303 2484 2390 construxisse
2536 2305 2650 2390 di·
2688 2302 2692 2306 ’

512 2446 692 2505 ces:
755 2420 808 2504 Γ
812 2448 856 2504 e
906 2416 1090 2504 sunt
1138 2419 1433 2502 mensae
1487 2416 1658 2527 pos
1633 2442 1806 2519 tae,
1868 2416 1920 2499 Γ
1897 2446 1974 2502 c
2020 2422 2340 2505 circum
2389 2418 2653 2508 sedilia

514 2523 906 2620 ordinata.
1022 2532 1131 2617 Et
1167 2532 1612 2615 triclinium
1661 2531 1745 2615 &
1794 2557 1980 2641 quae
2028 2537 2427 2645 utrinque
2466 2531 2654 2619 sunt

512 2646 968 2749 conclavia,
1037 2645 1405 2779 undique
1452 2650 1535 2729 in
1588 2642 1742 2728 sese
1791 2644 2087 2803 tabulis
2130 2644 2659 2779 conglobata,
