3200 4784
536 306 777 420 figurarentur
800 320 874 393 duo
892 306 1122 393 Testamenta
1148 304 1257 393 vet'ua
1292 320 1333 393 &
1360 303 1422 396 no

382 459 385 502 :
502 423 625 498 'dere
638 417 928 512 persecutoribua
943 419 1072 493 noluit.
1114 418 1227 516 Quod
1245 421 1411 511 quidem

365 523 385 614 ξς
537 517 652 598 lisub
680 518 748 592 hac
775 515 886 614 figura
910 516 961 590 ell
980 517 1276 612 intelligendum,
1319 521 1422 596 Men

365 609 385 702 ’ἔ
536 624 610 695 tius
628 617 841 711 adjuvabat3
873 620 910 690 in
931 613 999 690 suis
1015 620 1108 692 eninr
1125 617 1255 690 litteris
1274 618 1422 696 Mensu

381 729 387 752 i
526 718 719 798 -lretrdebat
745 737 835 810 eoa,
868 718 928 810 qui
950 715 1149 810 Scripturas
1176 713 1347 811 sannas,
1380 743 1422 813 qr

365 819 384 888 'l
535 811 614 894 n'on
625 816 830 906 traderent,
848 814 883 891 se
896 827 1013 891 tamen
1029 817 1161 889 habere
1175 814 1420 913 faterentur,

381 963 384 968 -
536 921 604 993 liet
627 917 789 990 illarnon
809 913 908 991 fecit.
965 913 1098 1006 Neque
1124 916 1216 988 enim
1247 937 1323 990 eos
1354 941 1422 1014 exa

540 1019 600 1112 qui
621 1016 891 1107 querebantur,
919 1014 1012 1109 apud
1036 1012 1072 1087 se
1097 1011 1167 1089 ess'e
1188 1015 1368 1092 conferre
1391 1030 1422 1095 el

564 1118 651 1190 avit.
701 1112 847 1206 Scripsit
867 1113 974 1187 etiarn
990 1112 1194 1204 Secundus,
1223 1113 1335 1189 &ad
1361 1116 1401 1192 se

555 1237 597 1290 oa
625 1236 646 1288 a
669 1223 839 1286 curatore
864 1212 1047 1285 &ordine
1072 1210 1349 1290 centurionem
1380 1219 1418 1291 ἀ

382 1371 385 1388 .
539 1334 642 1405 runt,
675 1312 735 1408 qui
759 1325 928 1406 peterent
948 1311 1093 1387 divinos
1115 1311 1262 1385 codices
1285 1335 1422 1392 exure

381 1433 384 1442 ·
540 1435 611 1507 que
622 1409 860 1506 respondrffe:
890 1412 1093 1508 christianas
1103 1419 1176 1501 sum
1191 1410 1231 1487 U
1245 1414 1422 1513 Episcopi«.

539 1517 636 1588 litor.
689 1509 836 1585 Etcum
854 1512 958 1586 abeo
977 1514 1115 1585 vellent
1134 1512 1251 1604 aliqua
1268 1518 1420 1591 ecbola

539 1631 684 1702 cunque
716 1613 911 1705 accipere,
947 1631 1066 1704 neque
1099 1609 1172 1685 hoc
1197 1611 1251 1684 eis
1278 1613 1422 1693 dediil'r

537 1708 701 1786 Eleazari
718 1710 957 1806 Macchabei,
984 1712 1043 1804 qui
1060 1731 1129 1784 nec
1148 1707 1286 1805 fingere
1305 1718 1422 1792 volui

538 1831 683 1885 carnem
707 1807 742 1882 se
769 1809 1006 1902 manducare,
1041 1830 1088 1883 ne
1105 1811 1178 1881 aliia
1199 1812 1398 1901 praeberet
1417 1841 1422 1911 1

536 1912 648 1984 tionis
666 1911 882 2002 exemplum.
909 1909 974 1983 Hae
988 1911 1115 1983 littere
1130 1908 1307 1981 Mensurii
1329 1913 1369 1986 ἀ
1382 1916 1422 1990 Sl

536 2030 606 2084 nec
628 2008 783 2105 legendo
808 2008 1106 2086 terminarentur,
1141 2005 1333 2083 Catholici
1360 2031 1422 2105 par

538 2110 704 2200 dierunt,
731 2109 892 2199 quamvis
911 2107 1026 2181 testati
1048 2107 1202 2190 fuerint,
1229 2129 1291 2180 eas
1314 2112 1422 2189 ess‘e:

534 2227 605 2284 nee
622 2208 665 2281 ad
685 2206 729 2278 ad
746 2205 883 2281 causam
898 2205 1064 2281 Eccleliae
1082 2207 1274 2299 pertinere.

613 2310 689 2403 Cap.
701 2309 810 2378 XIV.
833 2303 1011 2401 Cognitor
1025 2325 1112 2401 ergo
1126 2309 1422 2384 commonenst
