3200 4784
600 431 765 518 ,148
1129 415 1781 494 Mortuum-u
1829 415 2240 494 Vernis

631 583 733 660 Et
758 580 1273 672 interloquenti
1308 577 1771 671 Proconsuli,
1817 577 2000 654 Non
2037 593 2466 674 oportuerat
2499 593 2580 656 te
2623 605 2758 663 eos

635 682 1030 776 suscipere,
1082 677 1487 772 respondit:
1558 677 1740 752 Non
1779 693 2197 772 potueram,
2250 684 2418 770 quin
2460 682 2760 778 suscipe-

632 805 792 858 rem
854 779 1108 854 fratres
1174 797 1403 853 meos.
1518 779 1626 850 At
1687 775 2078 852 Proconsul
2133 779 2503 878 sacrilegus
2535 837 2562 874 ,
2631 784 2760 860 sed

634 883 883 982 prior,
930 879 1201 968 inquit,
1254 893 1407 950 erat
1432 877 1635 969 juffio
1667 877 2226 970 Imperatorum,
2279 882 2344 952 δι
2381 882 2753 960 Caesarum.

638 983 913 1056 Contra
945 975 1479 1074 religiosissimus
1514 975 1841 1068 Mat-tyr,
1897 977 2139 1068 Deus,
2195 983 2472 1073 inquit,
2523 985 2758 1076 maior

638 1081 783 1160 est,
833 1099 1039 1173 quam
1072 1077 1566 1168 imperatores.
1668 1077 1883 1171 Rogo
1931 1073 2240 1166 Christe,
2307 1082 2436 1152 tibi
2484 1084 2758 1161 laudes.

638 1179 915 1254 Christe
950 1177 1307 1259 Domine,
1358 1176 1443 1246 da
1470 1172 1969 1248 sufferentiam.
2071 1175 2200 1250 Cui
2236 1180 2398 1250 talia
2432 1184 2761 1272 precanti

636 1281 795 1360 haee
845 1275 1235 1352 Proconsul
1291 1274 1584 1367 injecit:
1661 1273 1902 1348 Habes
1944 1295 2120 1370 ergo
2173 1277 2583 1368 scripturam
2638 1283 2763 1354 ali·

638 1399 847 1472 quam
894 1378 970 1449 in
1018 1376 1239 1450 domo
1290 1373 1463 1445 tua?
1550 1371 1648 1445 Et
1685 1371 2090 1466 respondit:
2159 1375 2465 1470 Haben,
2531 1377 2762 1460 sedin

640 1481 865 1553 corde
906 1495 1099 1550 meo,
1220 1471 1312 1546 Et
1364 1471 1804 1564 Proconsul,
1869 1471 1948 1546 In
1991 1474 2260 1566 domo,
2311 1479 2578 1570 inquit,
2631 1491 2760 1554 tua

639 1579 902 1665 habeS,
947 1595 1036 1645 an
1070 1571 1271 1645 non?
1326 1571 1682 1644 Emeritus
1715 1569 2000 1664 Martyr
2034 1576 2171 1646 aitt·
2217 1575 2296 1648 ln
2331 1579 2554 1650 corde
2583 1600 2758 1654 meo

641 1680 794 1748 illas
825 1677 1085 1747 habeo,
1188 1670 1407 1764 Rogo
1446 1668 1760 1761 Christe,
1815 1673 1940 1744 tibi
1979 1673 2245 1748 laudes.
2313 1675 2606 1750 Libera
2637 1701 2758 1752 me

642 1771 915 1847 Christe
943 1816 967 1856 ‚
1028 1773 1101 1844 in
1145 1772 1441 1846 nomine
1484 1784 1642 1846 tuo.
1741 1770 2074 1844 Breviter
2119 1774 2380 1864 patior.
2481 1775 2758 1851 Christe

640 1894 795 1946 non
845 1870 1262 1945 confundar.
1372 1867 1451 1940 Ο
1502 1869 1904 1961 Mar-‘yrem
1955 1870 2290 1964 Apostoli
2333 1894 2756 1970 memorem,

644 1974 763 2064 qui
791 1975 1015 2066 legem
1048 1969 1335 2042 Domini
1367 1971 1836 2062 conscriptam
1865 1971 2114 2043 habuit
2143 1991 2295 2044 non
2323 1988 2759 2060 atramentO,
2824 2049 2835 2060 ,

640 2072 757 2145 sed
794 2071 1056 2158 Spiritu
1092 2067 1231 2140 Dei
1280 2068 1478 2156 vivi,
1546 2088 1697 2141 non
1735 2072 1806 2142 in
1845 2071 2102 2141 tabulis
2141 2071 2474 2164 lapideis,
2526 2073 2642 2147 sed
2682 2077 2762 2151 in
2813 2062 2824 2071 ’

640 2171 900 2244 tabuiis
952 2167 1191 2240 cordis
1244 2167 1660 2239 carnalibus.
1776 2165 1847 2238 Ο
1877 2167 2280 2261 Martyrem
2329 2173 2512 2267 legis
2547 2173 2762 2248 sacrae

640 2269 984 2342 idoneum
1037 2266 1587 2360 diligentemque
1639 2263 2002 2340 custodem
2035 2320 2052 2350 ‚
2126 2272 2245 2361 qui
2289 2267 2762 2350 Traditorum

640 2369 919 2444 facinus
945 2363 1534 2458 perhorrescens,
1574 2362 1972 2466 Scripturas
2009 2366 2444 2461 dominicas,
2478 2391 2572 2446 ne
2602 2393 2761 2466 per-

643 2469 897 2554 deret,
968 2466 1159 2538 intet
1212 2463 1482 2536 secreta
1531 2460 1633 2536 sui
1683 2463 1996 2558 petitoria
2047 2468 2460 2541 collocavit.
2577 2473 2759 2567 Quo

640 2567 1010 2740 ἕὲιὲἓξὲιῑ,
1052 2559 1606 2738 mmai
1610 2583 1770 2735 ²113}
1785 2565 2762 2743 ἐἑὲ“ἓὲἒὶειξ33ξξ“ἒοξὲε’ῗ

568 2840 571 2841 ᾗ
668 2765 956 2841 ‘mimis
988 2765 1308 2841 rsdiieens
1408 2757 1833 2834 proveni-is
1865 2765 2129 2837 meritis
2161 2785 2409 2841 arses
2497 2769 2721 2843 *urit
