3200 4784
482 382 647 508 *¹1⁸⁸
1210 394 1608 476 OPTATI
1670 371 1927 474 Arm

509 562 946 638 vindicatur.
996 556 1125 631 Ille
1160 557 1260 632 est
1294 560 1481 631 enim
1509 559 1915 649 homicida,
1950 558 2072 650 qui
2096 559 2288 633 nulla
2307 558 2641 654 justione,

512 667 705 741 nulla
752 658 1160 760 potestate,
1224 656 1344 731 sed
1397 658 1648 732 furore
1702 659 1984 732 adaEtus
2019 711 2046 751 ‚
2119 658 2208 732 de
2259 662 2648 734 voluntate

504 764 633 839 'sua
686 762 941 835 fecerit
990 758 1187 848 quod
1241 758 1640 851 prohibent
1691 760 1910 854 leges.
2025 755 2428 849 Caeterum,
2481 760 2644 833 Ma-

519 865 747 937 carius
786 859 979 953 quod
1014 856 1252 931 feciss’e
1294 859 1594 950 dicitur,
1657 859 1877 931 vobis
1919 859 2499 952 provocantibus
2540 859 2648 933 fe-

520 966 657 1037 cit:
726 981 865 1034 nec
914 956 1311 1051 Episcopus
1351 958 1488 1030 fuit
1520 1009 1547 1048 ‚
1620 977 1780 1031 nec¹
1812 962 1888 1030 in
1942 956 2185 1031 officio
2237 958 2651 1051 Episcopali

516 1059 840 1133 versatus
876 1057 1020 1149 est,
1072 1078 1209 1129 nec
1253 1077 1538 1131 manum
1586 1058 1796 1130 alicui
1832 1056 2212 1149 imposuit,
2275 1079 2412 1130 nec
2450 1056 2659 1131 sacri-

481 1185 487 1200 ·
519 1158 763 1235 ficium
802 1159 1094 1232 obtulit.
1163 1154 1381 1229 Unde
1409 1176 1571 1230 cum
1598 1179 1760 1231 eum
1789 1156 2079 1229 constet
2106 1158 2412 1232 alienum
2445 1157 2651 1232 fuiss‘e

520 1264 610 1334 ab
668 1256 1192 1352 Epistoporum
1249 1254 1564 1348 actibus,
1642 1258 1877 1330 nullus
1923 1253 2318 1348 Episcopus
2376 1260 2461 1329 ab
2519 1280 2649 1352 ec,

521 1361 643 1451 qui
697 1370 861 1431 cum
907 1353 1275 1451 Episcopis
1319 1356 1837 1447 non-obtulit,
1895 1356 2182 1428 videtur
2233 1355 2369 1430 effe
2417 1360 2657 1449 pollu-

519 1473 665 1533 tus,
766 1456 1019 1530 Restat-
1060 1472 1142 1528 ut
1190 1456 1441 1528 dicatis
1492 1476 1654 1530 eum
1709 1476 1870 1527 cum
1917 1457 2200 1548 populo
2254 1460 2653 1532 communi-

523 1555 746 1631 cass'e:
826 1556 893 1627 &
938 1559 1262 1628 locutum
1307 1575 1468 1628 eum
1508 1553 1658 1627 ‘esse
1697 1554 1957 1645 aliquid
2015 1558 2089 1627 in
2139 1559 2416 1648 populo
2477 1577 2657 1630 con-

521 1657 688 1749 stat,
720 1655 834 1728 sed
869 1652 1617 1744 insinuandaealicujus
1657 1654 1762 1726 rei
1794 1653 2207 1745 causa‚·-non
2242 1669 2476 1728 tamen
2514 1673 2660 1728 tra·

525 1755 757 1852 §tandi
786 1806 813 1846 ,
866 1754 1064 1843 quod
1112 1751 1215 1830 est
1262 1751 1841 1845 Episcoporum3
1914 1756 2036 1827 ille
2079 1754 2268 1828 enim
2309 1757 2500 1827 nude
2546 1758 2657 1828 lo-

486 1873 738 1935 -cutus
786 1852 934 1945 est,
1000 1853 1050 1928 fi
1104 1852 1275 1945 quid
1323 1854 1527 1945 loqui
1575 1854 1844 1948 potuit.
1942 1851 2217 1927 Contra
2266 1850 2664 1947 Episcopa-

524 1958 612 2029 lis
666 1951 1004 2027 tractatus
1070 1954 1421 2045 probatur
1486 1953 1575 2025 ab
1645 1952 1979 2027 omnibus
2031 1948 2392 2027 sanctitate
2443 1955 2661 2028 vesti-

527 2065 697 2143 tus=‚
765 2052 1190 2126 salutatione
1255 2047 1523 2125 scilicet
1570 2055 1946 2149 geminata.
2061 2051 2244 2127 Non
2296 2053 2483 2127 enim
2534 2058 2663 2127 ali-

530 2153 703 2245 quid
780 2153 1036 2243 incipit
1100 2149 1501 2246 Episcopus
1568 2152 1657 2224 ad
1723 2154 2074 2245 populum
2145 2151 2382 2226 dicere
2415 2204 2444 2246 ‚
2527 2155 2661 2229 nisi

417 2321 422 2326 .
526 2255 769 2348 primo
848 2255 925 2322 in
998 2254 1295 2324 nomine
1360 2250 1508 2324 Dei
1565 2254 1916 2346 populum
1986 2249 2422 2326 salutaverit.
2554 2250 2693 2326 Si·''

529 2354 734 2428 miles
799 2348 960 2423 sunt
1018 2352 1251 2424 exitus
1317 2350 1561 2424 initiis,
1667 2349 1924 2426 Omnis
1993 2349 2330 2425 tractatus
2396 2354 2470 2427 in
2520 2351 2661 2427 Ec-

498 2450 746 2526 clesla
796 2472 836 2523 a
883 2451 1183 2523 nomine
1220 2449 1365 2524 Dei
1414 2451 1793 2543 incipitur,
1849 2451 1916 2524 δι
1965 2450 2281 2544 ejusdem
2331 2450 2472 2536 Dei
2524 2474 2669 2526 no·

531 2553 726 2626 mine
778 2553 1219 2625 terminatur.
1322 2550 1506 2645 Quis
1558 2549 1869 2625 vestrum
1920 2551 2138 2624 audet
2187 2550 2427 2625 dicere
2461 2549 2667 2645 Epis·

535 2668 899 2743 coporum
967 2670 1175 2722 more
1224 2648 1628 2724 Macarium
1693 2651 2045 2743 populum
2099 2648 2459 2724 salutare?
2531 2652 2667 2744 Igi-

538 2762 658 2821 tur
726 2769 890 2821 eum
958 2770 1094 2821 net:
1166 2749 1582 2821 salutaverit:
1647 2769 1811 2825 ante
1867 2769 2028 2826 uam
2091 2753 2179 2821 ali
2235 2753 2351 2821 uid
2411 2753 2667 2837 loue-
