3200 4784
577 382 725 496 Lru'rn
757 435 1006 494 ttcuunus.
1279 438 1325 518 ³7

247 578 453 662 non-fieri,
479 578 508 654 'si
530 580 696 656 mandata
719 575 849 652 Christi
869 579 907 651 in
929 577 1101 653 memoria
1126 575 1322 675 haberetis,

248 683 313 776 qui
340 684 413 775 cit,
448 683 502 755 Ne
522 683 677 753 dederitis
691 679 845 768 semiim
866 680 1015 763 canibus,
1049 703 1147 774 neque
1168 683 1320 770 miseritir

247 785 442 876 margaritas
458 798 536 851 ante
547 803 674 878 porcos,
700 804 743 849 ne
764 779 939 849 conculcent
949 775 1074 873 pedibus
1084 779 1154 866 seis
1176 805 1227 850 eas
1236 827 1248 860 ,
1278 777 1318 854 θ’

246 880 388 976 convers
410 881 533 951 elidant
556 906 624 955 vos.
683 879 782 973 Quid
806 879 877 950 tale
900 878 943 949 ab
970 880 1141 970 operariis
1167 879 1315 954 unitatis

248 977 330 1053 fieri
353 981 498 1072 potuit,
531 979 628 1054 unde
652 977 760 1051 nobie
779 973 975 1050 Catholicis
996 997 1124 1047 vanam
1145 978 1315 1054 invidiam

247 1077 373 1153 facere
408 1077 614 1153 laboratis?
655 1077 744 1149 Inde
775 1088 1002 1149 revertentes
1035 1073 1202 1148 Urbanus
1228 1077 1315 1150 For-

248 1177 377 1254 mensre
400 1177 553 1252 &Felix
574 1176 781 1267 Idicrensrc,
808 1177 1028 1248 invenerunt
1046 1188 1200 1267 matres,
1227 1197 1313 1266 quac

249 1277 297 1350 de
322 1275 617 1350 castimonialibus
640 1275 802 1347 fecerant
825 1275 1002 1348 mulieres.
1055 1271 1154 1346 Ecce
1178 1275 1314 1371 quales,

248 1377 362 1451 frater
376 1373 624 1461 Parmenione,
650 1372 851 1465 Episcopoa
865 1373 978 1444 celas:
1004 1371 1222 1464 &cumpro
1242 1375 1314 1449 tuit

248 1474 460 1550 erubescere
489 1477 692 1566 debueras,
731 1471 944 1554 catholicos
969 1472 1183 1545 innocentes
1210 1493 1315 1545 accu-

246 1575 314 1650 sas.
377 1573 521 1648 Interea
543 1574 647 1667 supra
672 1587 890 1647 memoratus
913 1570 1013 1644 Felix
1042 1575 1136 1644 inter
1164 1571 1313 1649 crimina

246 1671 329 1766 sua,
356 1672 392 1745 &
408 1673 570 1748 facinora
584 1671 755 1763 nefanda,
781 1675 887 1757 abeo
904 1669 1194 1765 comprehensam
1214 1674 1313 1762 puel·

243 1774 343 1865 lam,
368 1773 425 1844 cui
446 1775 584 1845 mitram
605 1769 677 1864 ipse
698 1769 935 1864 imposuerat,
969 1792 988 1841 a
1011 1791 1078 1860 qua
1099 1771 1207 1864 paulo
1226 1785 1311 1846 ante

242 1866 357 1965 pater
374 1871 594 1962 vocabatur,
621 1869 757 1942 nefarie
773 1867 945 1942 incestare
959 1871 1104 1942 minime
1118 1869 1309 1954 dubitavit.

240 1968 304 2043 Et
322 1966 414 2060 quufl
437 1969 482 2040 de
500 1981 651 2062 peccato
669 1967 818 2040 sanllior
832 1965 959 2060 fieret,
985 1965 1154 2059 Tysedim
1173 1970 1308 2044 veloci·

240 2081 307 2140 ter
330 2069 556 2160 properavit.·
613 2067 675 2140 Sic
693 2067 879 2140 Donatum
896 2087 1069 2140 annorum
1088 2066 1317 2162 septuaginta·

193 2176 195 2217 2
239 2165 487 2260 Episcopum,
514 2167 695 2240 hominem
715 2168 947 2240 innocentem
969 2164 1121 2259 spoliare
1140 2167 1239 2240 austu
1256 2169 1308 2244 est

240 2264 378 2361 Episco
407 2265 980 2340 alinomioe&officio&honore.
997 2266 1308 2343 Venitschiarnati-

243 2363 311 2436 cuc
327 2365 368 2444 ad
379 2290 593 2456 Episcopum
608 2367 842 2441 catholicum:
857 2366 900 2437 ad
910 2368 1141 2440 innocentem
1156 2386 1253 2455 reus,
1263 2367 1307 2439 ad

242 2461 317 2537 Dei
329 2462 547 2538 sacerdotem
558 2462 920 2562 sacrilegus,incestus
935 2466 977 2537 ad
994 2464 1139 2554 castum,
1153 2465 1194 2534 ad
1208 2463 1307 2555 Epis-

244 2583 381 2656 copum
396 2563 466 2654 jam
483 2583 559 2635 non
576 2558 796 2657 Episcopum
823 2563 882 2636 scd
899 2565 943 2636 de
961 2565 1095 2654 placito
1111 2562 1144 2632 &
1160 2561 1204 2633 de
1220 2582 1307 2635 con·
1326 2657 1328 2662 Ι

239 2663 426 2754 juratione
448 2661 568 2734 vestra
587 2660 756 2754 securus,
792 2662 919 2735 vestris
940 2657 1128 2755 legibus&
1152 2660 1306 2736 decretio

243 2777 418 2834 armatus:
449 2781 596 2853 manus,
629 2781 714 2850 quas
736 2761 844 2852 paulo
864 2773 945 2830 ante
964 2773 1112 2848 peccata
1131 2779 1305 2854 gravave-

242 2873 349 2950 rant,
374 2857 481 2949 capiti
496 2859 703 2931 innocentis
718 2859 859 2948 injecit:
874 2859 919 2930 -&
934 2857 977 2928 de
992 2858 1051 2929 illa
1066 2858 1184 2953 lingua
1200 2857 1302 2935 ausus

242 2957 297 3031 est
317 2957 411 3030 ferre
433 2955 666 3049 sententiam,
700 2977 777 3050 quae
798 2958 869 3049 J'am
896 2979 965 3029 nec
990 2956 1033 3028 ad
1060 2959 1304 3049 poenitentiam

240 3056 869 3252 tttlltlltllllrullflill
893 3053 1219 3250 ,illinisti
1235 3058 1304 3233 il:

240 3257 325 3330 dum
343 3255 448 3327 dotes
466 3259 607 3347 operari
628 3255 753 3331 dixisti.
1060 3283 1063 3288 ⁴
1227 3298 1229 3302 ·

319 3351 449 3428 20th
462 3354 533 3443 jam
553 3377 621 3429 vos
644 3357 728 3449 ipsr,
755 3356 814 3446 qui
832 3353 934 3429 santii
954 3354 1221 3448 &innocentes
1244 3358 1310 3428 vi*

240 3454 319 3528 deri
339 3455 383 3525 ab
398 3453 601 3526 hominibus
616 3457 748 3548 vultis,
773 3455 901 3546 dicite,
926 3455 1022 3527 unde
1037 3454 1086 3528 est
1102 3453 1164 3527 ista
1181 3455 1301 3527 sinui-

239 3567 319 3643 tae,
334 3549 448 3644 'quam
468 3553 576 3624 vobis
595 3556 762 3626 licentius
783 3551 984 3644 usurpatis?
1017 3574 1119 3644 quarn
1139 3556 1298 3646 Jounnet

237 3649 441 3744 Apostolus
462 3647 625 3744 profiteri
640 3675 716 3725 non
736 3652 860 3744 audet,
887 3653 946 3740 qui
964 3653 1031 3742 ait,
1059 3656 1098 3722 Si
1112 3655 1296 3746 dixerimui,

237 3759 316 3853 quie
326 3769 483 3848 metarum
506 3775 572 3822 non
591 3751 756 3837 habemur,
781 3775 838 3821 nos
859 3751 936 3844 ipsos
954 3752 1146 3844 decipimus,¹
1160 3751 1198 3828 σ
1214 3759 1300 3828 ueri.

238 3869 293 3923 ras
314 3856 353 3922 in
375 3851 462 3922 nolis
482 3872 548 3922 non
573 3849 622 3946 ch.
672 3851 756 3923 Hoc
780 3851 839 3940 qui
862 3851 973 3941 dixit,
1007 3846 1181 3942 sapienter
1199 3850 1233 3925 se
1253 3852 1298 3926 ad

238 3950 312 4023 Dei
329 3952 473 4046 gratiam
487 3949 697 4024 reservavit.
748 3947 810 4020 Est
824 3951 916 4020 enirn
929 3946 1112 4024 Christiani
1128 3953 1297 4044 hominis,

242 4051 343 4146 quod
360 4055 495 4130 bonum
514 4049 587 4137 est,
615 4047 787 4128 veller&
805 4049 841 4121 in
859 4047 967 4149 Deo,
994 4051 1093 4148 quod
1116 4052 1211 4125 bene
1229 4071 1301 4123 uo·

753 4145 836 4252 (23
1139 4150 1283 4240 luerit,
