3200 4784
457 389 461 398 ¹
591 405 759 493 Lrsrs'
778 423 995 504 cernuus.
1281 431 1330 510 91
1404 381 1409 390 ¹

264 577 412 660 stultum
434 573 509 668 est,
533 573 605 648 uos
624 573 740 646 dicitis
765 569 836 645 else
859 571 1017 646 datores.
1068 567 1104 648 st
1123 573 1174 648 ita
1196 571 1270 668 est,
1297 578 1334 650 ἀ

264 703 336 757 nos
355 681 390 754 st
406 699 478 750 vos
494 689 680 750 teneamus
695 672 852 767 singulos
866 673 1036 767 gentiles:
1062 691 1156 768 vos,
1183 677 1244 769 qui
1261 697 1334 754 vos

265 777 405 856 sanstus
421 778 559 868 dicitis,
585 776 809 868 interrogate
826 791 906 844 eum
922 790 1026 862 quem
1041 775 1192 858 tenetis,
1218 797 1263 849 an
1279 797 1295 845 r

265 882 411 956 nuntiet
443 877 593 950 diabolo
624 871 659 946 ἀ
692 871 817 944 eredat
843 869 1033 943 Domino:
1073 871 1190 950 &ille
1215 799 1339 972 dica}

267 981 369 1056 Nolo.
415 975 575 1066 Contra,
591 993 660 1046 noe
676 987 890 1064 peccatores
908 967 970 1063 (ut
985 971 1117 1068 vultis)
1134 976 1336 1073 interroge-

267 1099 350 1158 mus
366 1079 517 1152 alterum
558 1073 705 1146 entilem
722 1091 766 1144 an
787 1071 975 1143 renunciet
993 1070 1140 1145 diabolo
1160 1073 1193 1144 ἃ
1212 1081 1337 1158 credat

266 1179 376 1268 Deo,
405 1178 473 1252 stc.
534 1096 959 1262 {citramontanam
989 1173 1085 1244 credo.
1142 1171 1233 1248 Cum
1262 1195 1335 1248 vos

269 1279 416 1375 tingatis
444 1275 664 1364 nolentem,
698 1289 768 1343 nos
801 1271 1015 1342 volentem:
1054 1272 1217 1363 dicatur,
1257 1279 1372 1365 quis·

271 1397 400 1456 corum
435 1373 540 1469 poffit
571 1371 616 1446 ad
651 1369 722 1442 Dei
758 1371 905 1466 gratiam
938 1373 1132 1462 pertinere.
1198 1371 1339 1466 Utique

271 1479 347 1554 fine
369 1477 482 1551 dubio
503 1475 586 1564 ille,
614 1472 673 1562 qui
696 1472 833 1561 credit,
859 1488 934 1541 non
956 1470 1040 1560 ille,
1067 1491 1135 1564 pro
1152 1472 1253 1565 cujus
1271 1493 1339 1544 vo.

271 1579 413 1652 luntate
436 1572 499 1670 (ut
521 1568 661 1667 dicitis)
681 1557 843 1642 sanctitas
871 1567 990 1644 vestra
1012 1567 1181 1646 succedit
1241 1571 1340 1665 Ope-

251 1721 255 1730 ·
272 1685 389 1754 tarius
407 1693 479 1745 vos
496 1669 566 1744 elle
582 1672 643 1742 vel
658 1665 737 1742 sero
752 1667 974 1764 cognoscite.
1025 1670 1104 1742 Aut
1121 1671 1144 1745 sr
1160 1672 1196 1745 in
1212 1691 1340 1765 opera·

272 1779 332 1848 rio
353 1773 404 1846 est
423 1793 481 1844 res
499 1768 594 1862 ipsa,
628 1769 662 1842 δι
684 1788 761 1839 non
782 1767 895 1850 inse,
928 1768 1001 1839 hoc
1016 1769 1079 1841 srbi
1098 1773 1284 1844 vindicent
1304 1772 1341 1844 st

275 1875 385 1963 aliqui
400 1871 565 1943 lrominee
579 1871 617 1941 in
633 1869 769 1941 artibus
783 1865 872 1957 stris,
898 1879 940 1938 ut
959 1867 1040 1956 quia
1062 1867 1108 1939 stc
1124 1875 1340 1962 provocatis

278 1972 324 2044 ad
347 1990 404 2064 res
428 1968 567 2040 divinae
583 1989 615 2057 ‚·
636 1970 743 2040 etiam
766 1979 860 2038 artet
885 1983 1135 2060 comparemus
1156 1970 1341 2046 humanas.

277 2069 370 2144 Cum
387 2066 564 2162 pretiosus
581 2064 740 2140 inficitur
753 2067 882 2158 color,
908 2078 1035 2138 natura
1052 2065 1141 2160 sepe
1157 2070 1343 2142 converti·

275 2183 349 2243 tur.
406 2168 504 2240 Dum
519 2166 750 2242 confessione
765 2166 883 2238 vellus
899 2165 1087 2240 candidum
1102 2167 1341 2263 purpurescit,

276 2269 326 2346 fic
342 2269 420 2341 alba
441 2269 519 2345 lma
539 2268 693 2365 regalem
715 2265 891 2338 transitio
910 2285 1124 2358 purpuram:
1152 2272 1342 2359 quomodo

278 2368 569 2443 catechumenus
590 2369 628 2439 in
651 2363 815 2440 fidelem:
856 2365 980 2454 utique
1003 2366 1086 2440 dum
1114 2369 1242 2459 incipit
1273 2365 1344 2440 elle

281 2470 382 2564 quod
394 2481 580 2556 nouerat,
599 2465 727 2539 desrnit
740 2463 812 2537 elle
825 2465 923 2555 quod
937 2464 1064 2539 fuerat.
1115 2465 1213 2538 Lana
1231 2468 1262 2538 ss
1281 2487 1345 2539 eo·-

279 2571 398 2645 lorem
419 2567 535 2640 mutit
551 2566 585 2638 δι
604 2563 761 2638 nomen:
794 2565 828 2635 ἃ
849 2565 961 2636 homo
978 2565 1011 2635 ἃ
1027 2567 1245 2638 vocabulum
1269 2585 1346 2638 mu'·

280 2683 336 2741 tat
351 2669 566 2742 &mentem
592 2663 859 2736 Consideranda
876 2660 955 2733 sunt
968 2661 1108 2753 effecta,
1123 2663 1348 2744 retraslanda

278 2767 362 2844 sunt
385 2766 442 2840 effi
465 2765 588 2837 ientia.
639 2759 741 2834 Dicis
761 2775 838 2833 ate
858 2762 978 2834 datum
997 2759 1087 2853 elle,
1114 2764 1213 2854 quod
1230 2764 1345 2838 homo

279 2865 398 2943 fidelis
419 2862 569 2938 effeetus
591 2859 663 2933 est:
694 2861 718 2932 st
741 2860 815 2933 hoc
835 2873 955 2931 totum
978 2873 1077 2934 tuum
1101 2857 1172 2950 est,
1197 2861 1349 2938 dicat&

282 2957 1350 3153 ltltllltlztlftalillislllrllllllll:

282 3167 442 3238 Oceano
471 3163 592 3238 multis
615 3162 766 3256 ignota,
800 3161 927 3249 quibus
954 3157 1062 3232 tinsia
1084 3081 1251 3255 velsero,
1282 3179 1351 3255 per

284 3265 452 3338 colorem
477 3261 767 3354 promoveantur
789 3260 828 3331 in
856 3258 1092 3334 admirabilem
1117 3261 1351 3355 dignitatern:

284 3385 363 3441 non
391 3361 549 3433 admixto
573 3356 896 3455 sanguine'piseis,
931 3377 1122 3450 purpuram
1149 3359 1227 3433 solo
1254 3359 1352 3433 taclu

287 3457 472 3538 conficiat.
522 3457 633 3553 igitur
650 3472 691 3530 ut
709 3459 894 3550 operarius
916 3455 979 3528 iste
1000 3477 1064 3549 per
1087 3457 1216 3532 tastum
1237 3458 1353 3533 solum

288 3565 373 3638 dare
387 3561 551 3633 colorem
564 3578 638 3629 nnn
656 3556 798 3649 potest,
819 3556 866 3629 src
883 3575 952 3628 nec
971 3559 1152 3645 operarius
1167 3557 1355 3651 baptisma·-

289 3666 363 3755 tis‚
396 3681 442 3732 ex
463 3659 499 3730 se
522 3656 595 3729 stne
616 3653 798 3727 Trinitate
819 3656 904 3726 dare
929 3652 1059 3744 aliquid
1078 3654 1212 3749 potest,
1260 3655 1355 3730 Tale

283 3763 343 3835 est
370 3761 515 3839 onoc,
539 3755 637 3828 unde
660 3759 772 3828 modo
799 3768 982 3826 certamen
999 3752 1061 3826 est.
1110 3754 1204 3830 Nam
1222 3756 1259 3829 in
1279 3775 1355 3847 quu

292 3865 563 3953 baptizarentur
582 3867 729 3950 gentes,
750 3873 768 3924 a
784 3852 962 3924 salvatore
977 3853 1180 3928 mandatum
1197 3854 1266 3929 est:
1291 3875 1357 3950 pes

293 3981 400 4052 quem
417 3958 706 4050 baptizarentur,
723 3954 820 4024 nulla
836 3953 1074 4044 exceptione,
1091 3955 1278 4030 discretum
1295 3953 1360 4029 est.

293 4059 387 4136 Non
403 4057 712 4153 dixitnpouolis,
729 4071 785 4126 var
796 4050 921 4148 fuste,
937 4055 997 4124 alii
1010 4071 1076 4126 non
1087 4055 1225 4150 fciant.
1250 4057 1359 4156 Qu'u·

1249 4170 1338 4246 oute
