3200 4784
289 409 297 419 '
389 427 449 482 oa
473 368 1210 511 nordhanton-lne'roara,⁸
1246 429 1315 506 313
1395 512 1398 517 ²

383 582 536 661 nantur,
570 564 678 660 quo'd'
692 565 872 640 Catholici
898 552 1089 669 dixerunt,
1123 567 1210 644 illud
1228 570 1331 667 lega·

315 698 320 717 =
382 676 504 741 torum
523 670 726 753 mandatum
743 688 819 739 non
839 664 907 739 elie
925 668 1159 760 prodendum.
1341 692 1344 697 ·

261 773 329 844 162
356 755 630 862 Catholicorum
648 768 692 840 ad
709 766 914 858 responsm,
943 787 1020 858 quae
1035 765 1170 843 sensum
1188 790 1320 865 prace-

268 950 270 955 ,
381 868 499 940 dentis
519 866 780 958 prosecutionis
795 867 958 959 exponit.
1217 928 1220 933 .

260 973 328 1061 163
357 964 567 1039 Prosecutio
584 964 851 1039 Donatistarum
869 960 1232 1061 hmilis'praecedenti.
1366 1008 1368 1015 ,

262 1073 330 1158 164
356 1066 622 1156 lnterlocutio,
654 1067 858 1145 mandatum
875 1062 1146 1149 catholicorum
1167 1091 1243 1141 non
1261 1070 1321 1161 de·¹

382 1168 469 1243 bere
491 1166 657 1258 disquiri:
695 1162 753 1237 sed
774 1163 980 1239 Donatistas
1005 1168 1322 1260 potiusoportere
1367 1234 1369 1239 ,

352 1262 576 1359 -prohteri,
624 1279 745 1337 vtrurn
781 1264 928 1337 crimina
966 1269 1087 1340 velint
1117 1270 1321 1355 traditionis

383 1363 543 1461 ostendi,
571 1385 613 1438 an
627 1362 711 1453 fidei
726 1360 862 1437 causam
879 1362 1119 1456 Ecclefiaeque
1134 1366 1286 1444 tractari.

262 1469 331 1553 165
358 1463 625 1537 Donatistarum
643 1459 874 1558 prosecutio,
900 1464 998 1552 quod
1016 1466 1068 1539 eia
1092 1465 1244 1559 persona
1258 1490 1320 1562 pe.

262 1564 266 1577 “
338 1608 340 1613 -
384 1565 504 1657 titoris
524 1563 728 1636 inludenter
742 1563 951 1656 imponitur.

260 1667 334 1737 266
357 1661 620 1755 interlocutio,
648 1661 746 1754 quod
764 1664 903 1753 petitor
916 1659 1093 1757 gestorum
1109 1666 1248 1756 poterit
1267 1687 1322 1741 re·

386 1763 561 1836 citatione
577 1761 782 1853 monstrari:
817 1760 850 1832 &
870 1760 1066 1835 Donatista
1086 1764 1322 1863 respondent,

386 1862 549 1937 ordinem
566 1864 741 1935 incorum
760 1860 976 1933 recitatione
991 1861 1210 1941 servandum.

266 1966 333 2059 167
359 1960 621 2053 lnterlocutio,
654 1963 714 2050 ribi
738 1973 903 2053 tempora
923 1961 1103 2056 gestorum
1123 1961 1323 2037 Proconsu-

386 2063 511 2135 larium
539 2061 613 2134 sive
633 2057 853 2134 Praefeiiuraa
874 2060 969 2133 inter
987 2059 1021 2136 se
1039 2061 1208 2137 conferre
1219 2066 1322 2156 jube·

324 2219 329 2237 1
386 2158 639 2245 turofficiurn.'

266 2264 335 2340 168
360 2259 432 2334 Ubi
450 2258 544 2356 gesta
559 2262 626 2333 illis
645 2258 846 2349 antiquiora
862 2281 881 2332 a
895 2258 1091 2334 Catholicis
1106 2260 1323 2336 offeruntur.
1370 2344 1374 2357 ι

266 2366 335 2458 169
363 2360 435 2433 Ubi
458 2364 627 2456 cognitor
643 2361 770 2452 jubet,
803 2361 1011 2431 volentibus
1033 2362 1154 2454 legere
1172 2360 1325 2432 Donati·

387 2461 446 2534 stis
475 2465 519 2533 ab
545 2459 666 2534 officio
693 2460 838 2552 potius,
873 2478 949 2549 quae
968 2460 1120 2552 legenda
1143 2457 1242 2551 sunt,
1268 2479 1326 2532 re·

385 2561 499 2634 citari.

265 2682 335 2754 170
360 2661 433 2731 Ubi
457 2657 635 2729 Catholici
658 2676 718 2745 ea,
745 2673 823 2744 quae
836 2652 897 2745 ipli
914 2651 1074 2727 offerunt
1085 2651 1211 2749 qesta,
1238 2657 1328 2730 anti·

246 2812 248 2815 v
388 2752 846 2847 quioraesserespondent.
1373 2804 1378 2821 ,

267 2877 334 2948 171
363 2854 438 2929 Ubi
458 2856 628 3024 cogfhitor
646 2864 883 2945 percontatur
902 2847 1085 2944 officium,
1111 2871 1187 2945 quae
1206 2854 1327 2949 priora
1387 2922 1392 2929 .

385 2954 453 3026 srnt
495 2976 513 3025 e
546 2975 576 3027 a.

270 3075 339 3149 172
365 3053 437 3126 Ubi
453 2975 1327 3149 rfflpondetofficium,antiquioraellegesta,quae
1400 3044 1404 3050 ’

391 3154 604 3224 obtulerunt
622 3153 666 3225 de
682 3154 811 3225 codice
831 3147 1038 3225 Donatistae.

269 3273 337 3347 173
364 3253 439 3324 Ubi
469 3253 689 3346 respondent
716 3251 917 3343 Catholici,
951 3250 986 3325 se
1016 3250 1220 3344 antiquiora
1243 3271 1328 3344 pro·

389 3352 494 3425 ferre.
1324 3374 1338 3397 s
1374 3396 1377 3401 -

268 3449 339 3547 174
365 3450 439 3524 Ubi
467 3437 634 3546 cognitor
654 3451 784 3542 jubet,
802 3446 1087 3520 Donatistarum
1115 3445 1209 3542 gesta
1236 3449 1330 3538 quast
1365 3452 1368 3457 ’

371 3570 373 3575 ·
392 3551 596 3638 antiquiora
614 3548 773 3621 recitari:
793 3546 825 3617 dr
845 3549 887 3618 ab
902 3544 1023 3618 officio
1042 3548 1214 3642 recitatur
1228 3549 1331 3623 datus

392 3673 412 3723 a
432 3649 628 3722 Catholicis
644 3649 783 3721 libellus
802 3643 1011 3720 Proconsuli
1028 3643 1240 3737 Septimino.

274 3771 316 3843 17
322 3771 343 3838 ς
369 3749 443 3822 Ubi
458 3740 655 3820 Donatistae
672 3746 849 3840 petitores
869 3748 1001 3816 volunt
1020 3742 1089 3816 elle
1108 3741 1332 3825 Catholicoa.
1353 3750 1357 3759 '

276 3854 346 3946 176
370 3849 580 3922 Prosecutio
593 3843 880 3934 Catholicorum,
897 3845 957 3915 ubi
972 3856 1115 3935 petunt,
1133 3844 1335 3935 antiquiora

397 3948 520 4040 potius
544 3946 709 4036 recitari,
742 3962 819 4035 quae
839 3943 932 4033 apud
957 3943 1153 4017 Anulinum
1172 3943 1334 4027 Procon·

397 4045 506 4125 sulem
523 4045 618 4147 gesta
637 4044 716 4122 sunt
727 4042 917 4143 agentibus
934 4041 1149 4119 Donatistis.
1352 4128 1357 4137 ⁸

785 4142 874 4236 U,5
1168 4137 1320 4231 mbo.-
