3200 4784
531 398 533 405 ·
571 370 597 407 ¹-
816 404 819 409 .
945 402 948 407 .
1199 386 1205 403 .

327 426 421 533 ψ
577 426 905 534 Monuntucr
930 428 1137 511 venunt
1181 454 1191 467 ·

324 610 370 694 5¹3
395 591 606 670 Prosecutio
620 589 886 663 Donatistarum
903 594 1115 683 permittens
1132 594 1281 670 recitari
1300 608 1385 675 mats

424 684 566 783 datur'n,
592 689 756 762 accusans
773 711 882 785 genus
906 690 1152 768 accusationis.
1186 774 1189 781 ,

222 844 225 858 ·
324 820 373 891 54
397 792 657 873 Interlocutio,
674 787 708 862 se
724 790 826 863 aliter
841 790 962 862 audire
978 812 1052 863 uon
1068 792 1187 888 polle,
1209 798 1316 888 quod
1332 799 1386 875 im·

423 891 620 985 perialibus'
630 891 766 986 legibus
784 882 1095 966 cbnstitutum.est.

220 1060 222 1065 ,
323 1015 370 1089 55
395 991 471 1066 Ubi
496 990 668 1062 recitatur
690 988 893 1063 mandatum
919 986 1220 1087 catholicorum,
1249 994 1290 1071 in
1319 1019 1384 1091 quo

422 1110 566 1185 omnem
586 1087 721 1163 causam
741 1088 919 1180 complexi
937 1087 1030 1175 ,sun-t.
1269 1102 1280 1127 ’-

322 1199 372 1286 56
395 1186 639 1285 interlocutio
658 1190 880 1282 approbans,
893 1184 1096 1262 mandatum
1112 1186 1384 1271 Catholicorun

366 1302 368 1307 ’
429 1291 561 1363 divinis
579 1288 742 1362 constare
763 1286 986 1363 testimoniis.
1161 1354 1166 1361 .

323 1416 369 1488 ς]
394 1390 579 1466 Recitatio
612 1376 912 1482 subscriptionum
936 1385 1153 1462 Primatuum
1177 1386 1385 1469 Catholico·

423 1511 513 1564 tum.

323 1604 369 1688 58
396 1586 640 1666 Interlocutio
665 1568 850 1675 requirens
874 1512 1060 1662 bumerum
1080 1585 1382 1686 subscribentium,

391 1687 657 1762 -&renuntiat
675 1684 844 1761 officium.
1189 1770 1197 1777 .
1251 1762 1254 1767 ,

207 1834 210 1853 .-
276 1802 278 1807 ·
323 1811 369 1889 59
392 1787 471 1961 Ub}
485 1787 670 1887 requirunt
687 1784 884 1859 Donatistae
902 1783 1138 1882 catholicos,
1166 1789 1226 1880 qui
1244 1787 1382 1865 subscri·

423 1900 581 1982 petunt.

280 2028 282 2035 ·
323 1994 371 2063 60
395 1987 473 2060 Ubi
489 1983 707 2078 respondent
721 1982 922 2077 Catholici,
943 1999 983 2058 ut
1000 1987 1206 2079 mitterent,
1228 1989 1293 2079 qui
1310 1990 1382 2062 illot

239 2267 242 2275 ,
319 2186 364 2266 6ι
393 2082 713 2271 ἅξίῃὲῗῗιξιῗιὲτο
735 2181 997 2277 Episcoporum
1017 2183 1297 2263 catholicorum
1315 2207 1380 2263 mo

419 2298 512 2358 vent
527 2282 755 2375 quaestionem
773 2283 995 2373 Donatistae,
1033 2287 1131 2374 quod
1149 2284 1307 2381 supponi
1322 2308 1377 2383 po

345 2436 347 2440 -
419 2387 579 2476 tuerint,
607 2384 667 2473 qui
687 2381 857 2477 Episcopi
872 2382 1122 2461 nonfuillent.

320 2490 368 2563 62
394 2484 637 2559 interlocutio
656 2496 784 2555 contra
799 2483 895 2555 istam
911 2480 1213 2575 prosecutionem.

319 2592 365 2681 63
394 2587 470 2658 Ubi
488 2597 618 2679 petunt
634 2583 843 2674 Donatistae,
861 2597 901 2653 ut
917 2581 1086 2678 figillatirn
1109 2601 1235 2655 omues
1252 2581 1377 2658 Catho-

419 2687 511 2758 licos
533 2681 731 2779 Episcopus
747 2685 998 2774 permittantur
1015 2682 1217 2778 agnoscere.

319 2793 368 2878 64
392 2784 468 2955 Ulpi
490 2784 644 2955 {equirit
665 2783 776 2876 judex
793 2837 810 2876 ‚2
840 2783 865 2856 s1
891 2783 964 2879 birri
987 2780 1118 2873 ubiqtle
1141 2780 1291 2874 possunt
1315 2781 1376 2856 elle

477 2904 549 2954 rco
577 2905 599 2953 r.

317 2988 365 3076 65
390 2905 828 3056 UbgDonpatislaelaudant
837 2981 993 3075 judicem
1005 2980 1048 3051 de
1058 2975 1374 3073 ipsainquisrtione,

418 3083 504 3155 &de
514 3079 788 3156 catholicorum
807 3080 1063 3155 numerosrtate
1080 3082 1280 3173 incongrua
1298 3101 1376 3154 con·

416 3194 624 3271 queruntur.
807 3191 809 3195 ’

222 3294 224 3298 ’
313 3286 362 3358 66
387 3280 462 3354 Ubi
482 3279 660 3353 Catholici
675 3281 941 3371 multiloquium
959 3273 1237 3369 reprehendunt.
1401 3318 1407 3357 ,

312 3391 358 3477 67
388 3381 461 3454 Ubi
478 3380 602 3453 dicunt
618 3378 835 3451 Donatistae:
860 3381 932 3474 plus
940 3377 1086 3472 scripfifli
1100 3400 1191 3471 quam
1206 3377 1291 3453 dixi,

311 3493 359 3564 68
385 3478 596 3554 Prosecutio
614 3476 911 3571 Catholicorurn‚
929 3492 970 3550 ut
987 3475 1146 3572 personae
1162 3473 1373 3552 constituto

410 3579 656 3653 turanorum.

309 3689 357 3778 69
383 3679 627 3754 Interlocutio
651 3674 876 3770 cognitoris,
908 3674 1005 3765 quod
1025 3673 1069 3744 de
1086 3673 1373 3758 incompetenter

274 3791 276 3793 ’
410 3781 584 3854 ordinatis
600 3776 803 3850 mandatum
820 3775 879 3847 srbi
897 3794 973 3845 non
991 3774 1042 3847 sit.

307 3902 357 3971 70
381 3878 456 3951 Ubi
474 3883 601 3952 iterum
622 3873 819 3949 Donatistae
839 3873 1122 3966 prosequuntur,
1139 3864 1292 3954 judicari
1315 3875 1372 3949 de·

405 3981 493 4050 bere
512 3980 556 4050 de
576 3997 726 4050 numero
743 3977 852 4065 partis
868 3976 1064 4062 utriusque.

292 4101 345 4174 71
369 4077 647 4175 Interlocutio,
674 4077 773 4174 quod
790 4071 984 4151 multitudo
1002 4087 1094 4163 opus
1110 4084 1187 4138 non
1205 4065 1273 4231 bt.K

461 4190 464 4199 '
519 4198 521 4202 ⁴
565 4202 593 4255 o
981 4218 986 4227 ·
1226 4182 1326 4234 uet-
