3200 4784
1237 387 1356 482 ᾰῼξυῐ

241 596 268 625 ·-
363 554 428 643 Ut
444 574 594 646 votum
611 554 804 656 institoris
819 551 884 641 ob.
894 554 1061 668 negotia
1074 545 1248 656 feliciter
1261 552 1351 664 ejus

277 678 452 759 numine
471 671 592 784 gesta,
613 667 684 755 suo
701 669 815 754 velut
824 669 1041 754 Mercurio
1059 665 1254 770 solutum,
1268 666 1351 754 hoc

275 808 606 873 monumentum
625 780 903 897 respexiffem,
930 781 1002 868 nist
1026 787 1251 895 genuinam
1272 809 1350 894 pu·

277 904 519 1013 rioremque
533 925 841 1012 -quanquam
857 923 933 994 nec
951 895 1027 981 tale
1043 894 1162 982 solius
1177 900 1348 1012 gratitu·
1376 961 1380 978 ,

282 1012 384 1102 dinis
398 1013 615 1128 publicum
632 1008 990 1132 testimouiumsua
1002 1009 1124 1096 laude
1135 1035 1350 1098 careret..

262 1131 325 1216 ‚in
343 1128 513 1214 Geller'ti
525 1126 587 1213 dc
606 1128 699 1238 ipfis
721 1127 866 1213 litteris
886 1126 929 1215 &
953 1125 1005 1213 de
1025 1129 1141 1238 omni
1159 1126 1361 1216 humani·¹

261 1240 1158 1354 ¹tatumerita‚pietatemhocmonumentum
1173 1238 1346 1340 statuiffe

275 1353 669 1466 indeconjcciisem,
699 1351 1347 1470 qundeteciainhisccsuisaedi-

275 1469 359 1556 bus
386 1469 546 1588 suoque
563 1498 645 1556 arc
659 1472 701 1558 in
715 1469 889 1562 ,bonum
904 1466 1162 1581 juventutis,
1191 1495 1285 1586 quat
1302 1465 1347 1553 il·

270 1582 615 1672 ludsuburbium
636 1584 809 1686 habitat,
838 1582 993 1686 schola,
1018 1579 1249 1694 prodiderit
1265 1581 1347 1695 ipsc

273 1703 463 1798 animum
475 1726 574 1896 erffa
586 1698 883 1788 humanitatem
897 1696 1173 1786 benevolum:
1190 1723 1346 1812 praepa·

274 1838 365 1896 tato
392 1840 494 1900 vcro
532 1815 591 1898 tbi
614 1813 751 1902 adhuc
772 1817 890 1916 vivo,
928 1839 1015 1926 quo
1034 1836 1228 1898 mortuus
1249 1839 1344 1898 con·

258 1929 261 1934 '
276 1924 398 2012 datur
416 1925 599 2030 tumulo,
630 1953 813 2016 mentem
830 1925 1022 2014 humanis
1038 1925 1179 2013 altiora
1195 1925 1345 2038 sapien·

274 2045 373 2126 iem.
432 2042 505 2138 Est
523 2045 768 2154 proximum
791 2039 1045 2129 Gellertiauo
1063 2066 1343 2130 monumento
1397 2033 1400 2052 '

260 2176 442 2272 *antrum
469 2149 729 2245 frontosum:
763 2155 1009 2252 intrantibus
1043 2154 1145 2268 lapis
1175 2154 1343 2270 infignis

272 2268 566 2381 magnitudinis
585 2269 818 2381 objicitur,'
831 2269 1049 2358 reclinatus
1066 2274 1140 2372 ita,
1170 2293 1220 2358 ut
1237 2272 1343 2355 stans

273 2409 298 2465 a
327 2380 452 2469 latere
481 2383 654 2484 incisam
673 2381 918 2498 scripturam
958 2383 1180 2472 commode
1215 2383 1342 2500 legas.

273 2495 535 2585 Continuum
558 2500 615 2584 est
642 2497 709 2587 ilic
730 2495 939 2616 poffcffori
971 2497 1022 2583 de
1048 2525 1185 2584 morte
1211 2501 1342 2581 moni·

273 2631 386 2696 tum:
406 2613 599 2807 quicum,
615 2638 664 2728 ut
679 2612 802 2700 suum
815 2613 864 2698 ali
897 2613 1036 2699 nando
1055 2608 1268 2697 tumulum
1285 2633 1341 2695 te·

256 2728 364 2837 gat,
392 2728 517 2838 eegit
531 2753 578 2810 ac
595 2723 794 2858 scriptura
805 2730 855 2848 in
868 2639 1067 2814 §uturum
1078 2723 1199 2814 usum
1216 2723 1340 2842 figna·

269 2841 333 2926 vit
352 2838 476 2949 hujus
492 2837 717 2929 sententtae:
741 2867 744 2874 ’
1322 2953 1340 2998 s

1353 2973 1365 3020 'i

657 3003 951 3117 anuurns
1025 2987 1045 3003 '¹
1271 3105 1273 3109 ,

475 3158 587 3240 nnc
617 3163 800 3224 Ansuu
829 3163 919 3226 sun
949 3162 1135 3252 unane
1164 3195 1182 3215 ··

659 3295 945 3359 nnnlnnns
1069 3317 1071 3322 ·

517 3431 861 3510 Novrssmnm
889 3431 1084 3493 nonunt

641 3544 644 3554 '
752 3563 861 3651 Qun

250 3769 255 3778 ,
375 3695 672 3786 AETERNAE
717 3696 917 3784 Qurss'rr
953 3696 1284 3765 TRADITUS-

597 3828 722 3898 noc
768 3829 1012 3899 Lautus

689 3962 920 4031 CONDAR.

780 4101 871 4212 b‘4
1173 4102 1281 4194 Reli·
1367 4190 1375 4198 .

605 4279 613 4316 i
