3200 4784
855 315 861 350 l

1256 447 1336 512 LX!

258 598 508 712 pertinentis
533 594 699 698 testor,
740 595 1042 710 Augustissimo
1062 595 1334 694 Potossorurn

262 715 370 828 Regi
393 741 418 800 a
440 711 614 800 confiliis
640 709 1005 812 consistorialibuS,
1043 718 1107 798 vir
1127 711 1331 800 humanis·

263 827 413 929 simus,
444 855 522 912 nec
540 830 679 911 miuus
696 829 806 909 inter
824 825 1006 911 eruditos
1022 827 1198 914 celeber.
1309 907 1312 914 .

344 943 666 1058 Munimentum
689 938 850 1054 quoda
881 940 990 1025 stella
1013 967 1166 1028 nomen
1189 941 1330 1047 habet,

263 1058 403 1140 tritam
433 1055 549 1154 alias,
586 1051 801 1138 montense
828 1055 1067 1140 coenobium
1090 1057 1330 1165 petentibus

262 1172 398 1271 viam,
427 1167 852 1280 prudens-declinavi,
891 1168 941 1253 ad
957 1168 1129 1270 laevam,
1167 1169 1330 1255 brevio·

262 1309 355 1368 rem
388 1279 532 1397 legens
569 1281 806 1384 tramitem,
842 1307 920 1393 per
953 1308 1080 1395 quem
1111 1285 1330 1368 innoxium

263 1397 478 1482 tranfitum
504 1424 527 1481 a
556 1392 737 1481 custodia
759 1393 943 1498 militari,
974 1399 1126 1509 exigua
1156 1400 1332 1506 pecunia

262 1537 394 1625 prope
424 1509 603 1624 deposita
630 1565 682 1584 -
715 1508 1096 1621 neaccipientibus
1125 1504 1258 1594 fraudi
1287 1511 1333 1599 8c

262 1653 384 1711 noxae
401 1622 584 1729 foret,.-
599 1623 868 1716 redemeram.
894 1623 1018 1708 Eram
1037 1627 1146 1708 enim
1161 1623 1333 1710 aliarum

262 1767 410 1826 rerum
422 1738 638 1850 curiofior3
655 1736 764 1838 &de
781 1735 1078 1849 sympathetico
1095 1736 1208 1823 sensu
1224 1735 1333 1826 male
1366 1765 1368 1772 ·

262 1877 523 1954 metuerem,
562 1879 615 1937 ne
648 1849 931 1936 recordatione
965 1852 1197 1955 malorum,
1237 1877 1332 1964 quae
1388 1919 1390 1924 .

262 1966 325 2049 ibi
350 1964 389 2050 se
413 1988 631 2078 expertum
655 1963 755 2067 else,
793 1966 1006 2052 Trenkius
1035 1989 1194 2067 narrat,
1224 1965 1332 2051 male

259 2075 443 2190 faceret3
460 2084 503 2167 oz
520 2081 704 2174 turbaret
715 2078 976 2180 hilaritatem,
996 2079 1063 2164 vel
1080 2084 1223 2182 animi,
1240 2079 1332 2166 vul·

260 2197 419 2307 ¹rusque
441 2181 717 2295 serenitatem,
753 2221 881 2307 quam
909 2193 1036 2279 velim
1064 2191 1225 2308 semper
1248 2220 1334 2284 mer

261 2334 362 2394 cum
379 2310 422 2390 in
439 2306 671 2392 societatem
689 2307 911 2393 hominum
929 2305 1097 2393 inferre.
1225 2375 1227 2380 .

348 2420 550 2508 Reversus
566 2450 588 2505 e
605 2421 804 2508 montensi
824 2423 1033 2530 coenobio,
1050 2422 1101 2506 ad
1119 2419 1335 2532 crepuscu-

263 2534 377 2628 lum,
394 2535 510 2620 urbis
524 2535 696 2647 plateas,
714 2532 943 2650 forumque
959 2535 1066 2620 solus
1082 2596 1133 2611 -
1148 2561 1196 2618 ιιι
1212 2558 1333 2618 meus

263 2650 323 2734 est
340 2674 433 2734 mos
448 2709 499 2732 ..-
512 2635 759 2751 obambulo
778 2650 888 2737 diem
903 2651 987 2758 jam
1004 2646 1089 2733 fere
1107 2648 1333 2759 perusiam:

265 2763 553 2848 memorabilia
584 2764 724 2847 adhuc
757 2764 838 2847 visa
871 2762 1092 2874 auditaque
1110 2791 1120 2846 ι
1141 2762 1333 2877 :Magde

267 2879 394 2988 burgi
411 2881 639 2988 praecipue,
663 2875 938 2987 runchospitii
956 2881 1060 2979 mei,
1092 2870 1170 2962 fata
1188 2873 1331 2976 fausta,

264 2987 523 3104 infaustaque
554 2994 810 3104 recogitans;
848 3019 942 3074 cum
974 3018 1068 3076 ecce
1092 3016 1332 3101 opportune

265 3104 404 3190 'adhuc
432 3102 664 3190 inciderunt
691 3104 825 3190 neseio
850 3105 923 3190 ubi
950 3106 1047 3189 olim
1072 3103 1198 3204 lesia,
1238 3131 1333 3217 quae

264 3246 336 3302 me
351 3218 478 3308 Tillio
494 3218 826 3305 reconciliarent:
858 3247 932 3304 nec
952 3248 1001 3302 eo
1020 3219 1196 3303 finerent
1214 3223 1256 3302 in
1274 3221 1333 3306 vi.-

265 3360 364 3418 rum
386 3334 500 3418 hunc
523 3335 694 3419 meliora
710 3338 908 3420 meritum
927 3333 1044 3433 odio,
1075 3332 1183 3430 diem
1201 3332 1332 3424 finire,

267 3474 357 3560 quo
375 3474 592 3555 coeperam.
645 3449 785 3534 Tanto
804 3453 964 3557 impetu
983 3452 1024 3529 in
1043 3475 1111 3530 me
1130 3473 1215 3530 non
1236 3471 1333 3554 prae·

266 3585 484 3671 paratum,
523 3589 608 3646 non
632 3560 938 3670 exspeslantem
960 3561 1075 3646 velut
1100 3588 1153 3642 ex
1178 3563 1333 3668 impro-

261 3673 352 3784 ,viso
367 3679 562 3773 irruerat,
590 3675 664 3758 ubi
681 3675 791 3758 Bakii
808 3673 972 3758 tumulo
997 3672 1246 3772 adstiteram,
1279 3696 1334 3757 tea

270 3791 611 3876 terrimarerum.
634 3814 656 3869 a
679 3788 722 3872 T
723 3789 856 3875 illiano
882 3789 1011 3872 milite
1038 3788 1103 3871 hic
1128 3789 1335 3901 gestarum

267 3905 433 4015 imag0,
472 3905 864 4014 commovitque-ita
890 3926 1048 3986 tantum
1072 3907 1115 3988 in
1138 3903 1333 3999 militem,

268 4013 532 4128 quantumin
560 4017 743 4116 Ducem,
777 4018 1104 4131 indignationem
1129 4043 1268 4216 ιιιιὲιιι
1289 4013 1343 4100 ὅτ.

1152 4158 1180 4217 o
1209 4151 1310 4212 turn
