3200 4784
314 388 364 425 ··
429 362 901 442 neDounrrsrstuu
925 359 1172 440 reterens.
1256 385 1330 466 539

262 523 530 602 tumnostrum.
570 523 710 615 ,Facitis
726 521 897 615 initurum
915 502 1122 616 criminum,
1148 544 1226 617 que
1240 525 1332 603 sole·

261 631 312 701 tis
321 624 705 720 objicere,Caeciliano
726 619 926 717 &collegis
944 621 1042 715 eJus,
1076 644 1122 696 ao
1144 625 1181 696 in
1204 627 1332 704 eadem

262 727 517 801 criminatione
541 721 753 817 peribitis?
790 721 837 794 Er
862 724 928 794 alia
952 747 1058 795 ruane.
1097 721 1333 822 Recognovi.

223 824 227 829 ’
260 830 479 900 Murredium
502 830 558 896 uir
583 820 769 913 riarffimus
795 817 960 896 Tribunus
979 821 1019 900 (5
1039 827 1200 899 Notarius
1224 830 1332 899 dixit.-

258 926 323 999 Ad
343 925 484 1018 qutesrta
499 922 726 1018 respondete.
1162 924 1165 927 ’

253 1114 256 1120 ¹
342 1032 435 1098 ωο.ι
450 1021 616 1097 Emeritos
634 1023 807 1121 ‘Episcopus
829 1023 941 1094 lixit.-
971 1020 1092 1099 Breve
1121 1021 1218 1098 suum
1243 1024 1334 1101 dicit

259 1123 335 1201 elie
351 1124 583 1218 postulatum,
599 1125 713 1196 breve
729 1120 889 1196 nostrum
905 1121 1014 1195 debet
1029 1121 1099 1197 eise
1113 1122 1331 1216 responsum.

263 1225 396 1311 Omnis
418 1220 511 1296 auio
534 1223 621 1295 duas
640 1220 733 1295 solet
752 1219 928 1314 suscipere
945 1221 1136 1314 personas,
1162 1225 1332 1314 petitoris

267 1329 304 1398 dt
322 1347 341 1398 e
360 1321 506 1397 diverso
524 1321 786 1414 respondentis.
839 1320 930 1394 Cum
945 1323 1020 1394 haec
1038 1319 1255 1395 causasarum
1274 1343 1334 1395 or·

266 1425 388 1498 dinem
402 1436 540 1514 teneat,
557 1419 836 1512 conflictumque
849 1419 1039 1512 desideret,
1055 1421 1217 1513 quidest,
1232 1420 1333 1514 quod

266 1537 353 1596 ante
376 1523 550 1617 principia
571 1523 708 1617 negotii
733 1520 826 1612 quali
852 1520 1009 1612 quedam
1031 1520 1114 1593 mihi
1140 1519 1270 1594 elebtio
1285 1531 1333 1597 ex

266 1623 416 1695 adversa
434 1637 537 1714 parte
552 1622 791 1715 proponitur,
817 1634 859 1691 ut
877 1619 1014 1712 dicam,
1041 1636 1160 1694 utrum
1179 1624 1336 1696 crimini·

266 1725 337 1796 bus
360 1723 546 1799 intentatis
573 1719 752 1796 Caeciliani
779 1717 959 1814 refrager,
994 1734 1101 1810 atque
1124 1722 1167 1792 ab
1192 1723 1343 1816 iisdem,

267 1841 348 1913 quae
365 1821 589 1912 objeceram,
609 1820 747 1909 fileam,
770 1840 815 1891 an
834 1817 975 1909 objedla
993 1821 1030 1891 in
1044 1819 1181 1910 judicio
1196 1825 1336 1899 valeam

267 1919 514 1997 confirmare?
550 1920 742 1993 Memento
762 1918 928 2013 Judicum
948 1917 1103 2009 summe,
1130 1918 1218 1993 srcut
1236 1921 1337 1995 adso·

265 2024 342 2112 les,
370 2024 430 2123 qui
448 2021 491 2094 fit
508 2021 603 2093 ordo
622 2018 773 2105 dicendi.
824 2017 947 2091 Nemo
973 2019 1066 2092 enim
1091 2018 1275 2094 adversum
1300 2020 1340 2097 se

269 2121 419 2195 adstanti
444 2121 549 2193 dicit:
583 2119 674 2215 elige
699 2119 786 2209 tibi,
813 2133 933 2192 utrum
956 2140 1014 2213 me
1036 2116 1176 2194 accusas
1205 2143 1335 2195 necne.

268 2221 394 2295 Nemo
417 2221 524 2292 dicit:
557 2220 805 2293 lntentaturus
826 2239 863 2291 es
883 2220 1038 2309 crimen,
1072 2240 1116 2295 an
1140 2219 1229 2293 nihil
1250 2220 1338 2294 mihi

269 2321 308 2393 in
326 2322 463 2412 judicio
484 2321 669 2392 oblaturus
688 2340 748 2411 es,
776 2319 1091 2391 &intentionibus
1108 2320 1179 2391 tuis
1199 2333 1339 2394 mutum

271 2422 451 2512 quoddam
478 2421 652 2515 silentium
677 2420 869 2509 imponens
892 2417 1005 2487 inanis
1032 2433 1074 2485 ae
1100 2415 1172 2489 sine
1194 2419 1339 2491 ratione

215 2547 230 2557 ·
272 2521 318 2593 de
337 2535 409 2594 tam
425 2520 631 2611 longinquis
646 2518 853 2608 regionibus
867 2512 1003 2585 venisse
1019 2512 1170 2606 dicaris,
1197 2537 1279 2590 cum
1295 2518 1341 2592 ad

269 2621 346 2694 hoc
366 2639 435 2712 ego
455 2615 632 2704 adsistam,
658 2627 720 2704 ut,
746 2612 845 2684 srme
860 2609 933 2704 ipse
951 2612 1101 2692 dixerit,
1125 2615 1184 2687 illa
1203 2615 1339 2700 dixisse,
1359 2680 1363 2686 .

274 2738 352 2807 quae
375 2719 533 2810 graviter
552 2713 647 2784 serre
671 2724 732 2782 aut
753 2711 995 2807 imperialibus
1015 2713 1181 2805 auribus,
1217 2729 1278 2788 aut
1302 2717 1341 2791 in

272 2814 338 2890 suo
361 2813 531 2888 mandato
557 2808 778 2902 subscripsit,
815 2824 892 2885 tum
916 2810 1058 2885 demum
1083 2815 1340 2908 eligamusque

274 2916 531 3007 respondeam,
566 2925 686 2983 utrum
706 2911 816 2983 velim
834 2912 1096 2986 intentionibus
1116 2913 1274 3005 ejusdem
1291 2914 1344 2988 se·

274 3015 430 3088 cundum
449 3009 713 3103 prosecutionis
734 3008 802 3082 sue
824 3026 990 3085 tenorem
1013 3012 1132 3106 legum
1155 3010 1344 3088 confirma·

274 3117 379 3187 tione
403 3110 567 3186 robustus
595 3110 790 3200 accedere,
827 3131 872 3183 an
894 3132 953 3184 me
976 3112 1019 3184 ab
1042 3111 1109 3185 hac
1131 3109 1272 3188 aelione
1288 3135 1344 3188 re·

274 3234 440 3300 movere.
493 3211 606 3284 Videt
630 3207 828 3302 prestantia
847 3223 932 3302 tua,
957 3232 1014 3284 me
1031 3210 1247 3304 respondere
1266 3234 1345 3290 non

275 3310 401 3409 polle,
428 3332 508 3383 cum
533 3312 712 3384 incertum
734 3311 884 3400 dixerit,
912 3330 992 3383 cum
1010 3311 1098 3385 nihil
1116 3314 1188 3384 tale
1207 3333 1343 3407 propo·

275 3414 405 3502 suerit,
434 3412 490 3482 cui
506 3409 653 3483 debeam
671 3429 848 3482 revocare
865 3407 1082 3502 responsum.
1134 3410 1234 3484 Dico
1247 3413 1345 3489 enim

277 3535 381 3600 eum,
400 3526 519 3581 utrum
539 3510 696 3601 petitor,
715 3529 760 3583 an
776 3506 967 3600 responsor
986 3509 1065 3586 stet.
1117 3508 1183 3584 Ille
1195 3512 1279 3584 mihi
1296 3512 1348 3585 di·

240 3605 244 3612 ’
278 3618 354 3685 citt·
385 3611 420 3684 si
444 3607 625 3680 Caeciliani
648 3605 783 3681 causam
806 3609 1060 3689 intermiseris,
1093 3621 1183 3682 tunc
1208 3613 1348 3702 petitor

278 3713 376 3799 sum;
410 3708 577 3782 srautem
602 3727 680 3779 non
704 3706 963 3798 praetermiseris
973 3708 990 3800 ,'
1019 3705 1161 3791 necesse
1185 3707 1256 3802 est,
1289 3730 1349 3785 me

279 3832 321 3883 re
344 3808 564 3901 respondere
590 3805 633 3878 ad
655 3828 721 3897 ea,-
748 3825 827 3896 quae
849 3808 1019 3881 videntur
1042 3806 1197 3899 objetta.
1248 3807 1285 3882 si
1306 3812 1351 3884 ti·

281 3931 358 3985 mes
382 3907 563 3983 Caeciliani
584 3903 742 3999 causam,
774 3908 978 3996 metuisque
1001 3906 1066 3980 tibi
1094 3907 1225 4000 aliquid
1250 3911 1352 4002 obje-

284 4009 401 4102 tlum,
426 4021 467 4087 tu
485 4020 719 4107 proponere,
746 4018 794 4081 tu·
806 4003 992 4083 instituere
1013 4006 1192 4086 aulonem
1210 4010 1247 4082 in
1260 4008 1353 4120 judi-

608 4146 611 4152 ·
1250 4123 1318 4170 m

649 4406 948 4432 ,α’-ιι*
