3200 4784
290 369 291 374 Ν
388 371 891 512 ‘onDou'snrs'ranuu
915 404 1172 496 Hrsronrs.¹
1215 435 1217 441 ·
1268 385 1349 510 πός’

264 594 360 673 quom
382 567 534 643 Gelasius
554 541 639 641 unus
658 593 699 660 tx
718 572 779 666 lege
796 571 901 669 sreflra
919 571 1042 667 publice
1065 573 1202 670 epifldd
1212 561 1340 664 fissuris*-

221 756 223 764 y
266 681 335 746 rior
358 673 394 742 dt
416 674 538 767 bofis'ica
559 674 741 766 protulerit.
794 676 875 766 Opto
896 686 928 741 te
948 674 1022 742 berre
1042 676 1159 745 valere.
1211 676 1338 765 „Hoc
1409 743 1411 749 .

263 774 399 870 signum
414 772 515 863 quod
531 770 820 861 deprecatorium
835 771 879 843 ad
893 794 951 876 rue
967 770 1135 845 miserant
1149 770 1341 849 Christiani

266 874 302 946 d
316 871 506 964 ipsecujus
526 868 577 943 est
595 873 824 964 pretorium,
852 870 886 941 dt
907 871 1039 942 dixisti:
1053 868 1177 945 ‚Toue
1197 878 1339 950 clavem

268 974 303 1045 dr
319 991 410 1062 quos
425 971 609 1042 inveneris
631 973 666 1042 in
690 970 859 1040 cathedra
879 970 1013 1059 libros,
1041 971 1075 1041 dt
1097 969 1200 1063 super
1218 972 1339 1068 lapide

267 1069 430 1161 codicest'
447 1071 554 1142 tolles
577 1070 671 1142 illos.
704 1067 818 1155 Sane,
840 1068 925 1141 vide
943 1069 1124 1142 Officiaies
1141 1092 1187 1144 ne
1203 1076 1339 1146 tollent

271 1167 617 1243 oleumdrtriticurn.
645 1166 776 1263 Etego
794 1169 865 1238 dixi
883 1170 962 1257 tibi,
977 1166 1038 1241 Tu
1051 1167 1163 1242 nescis
1181 1175 1262 1263 quia
1277 1174 1349 1251 ubi.

266 1269 449 1361 scripture
473 1270 729 1357 inveniantur,
762 1265 834 1359 ipsa
856 1268 985 1340 domus
1009 1269 1188 1341 diruitur?
1220 1269 1270 1343 tt
1289 1274 1339 1343 di·

265 1371 364 1443 xisti:
392 1370 490 1462 Quid
510 1388 599 1463 ergo
616 1363 795 1438 iacintus?
829 1366 953 1438 &dixi
969 1388 1038 1461 ego
1054 1367 1184 1461 vobis,
1210 1369 1339 1443 Tollrrt

268 1468 395 1560 aliquis
417 1468 463 1540 de
482 1466 608 1540 vestris
631 1466 668 1537 in
691 1483 772 1537 area
791 1467 853 1539 ubi
880 1469 1065 1540 orationes
1083 1467 1223 1561 facitis,
1251 1471 1285 1541 dt
1299 1473 1338 1542 il-

268 1569 319 1641 lic
338 1580 538 1661 ponantur:
558 1566 591 1637 dr
609 1586 678 1659 ego
694 1566 806 1640 venio
823 1586 904 1638 cunr
916 1564 1152 1658 Officialibus,
1172 1570 1336 1659 &tolio;

269 1668 305 1739 dr
320 1687 390 1740 nos
407 1669 470 1737 illo
485 1667 671 1755 venimus,
698 1665 732 1735 dr
750 1668 871 1736 omnia
887 1667 1053 1758 tulimus,
1079 1663 1274 1742 secundum
1289 1668 1338 1741 sa·

267 1787 368 1839 crum
387 1781 618 1857 preceptum.
633 1767 660 1804 “
712 1763 891 1837 Maximus
914 1766 1024 1862 dixit:
1058 1770 1241 1863 Quoniam
1259 1767 1337 1861 ejus

267 1865 427 1958 epistole
443 1865 549 1936 lessio
567 1865 659 1955 apud
674 1861 748 1934 adia
761 1866 912 1935 recitata
928 1863 998 1945 est,
1020 1879 1125 1956 quarn
1140 1865 1213 1959 ipse
1227 1888 1338 1963 agno·

266 1970 325 2036 vit
346 1963 380 2036 se
402 1962 548 2055 misisse,
573 1985 658 2054 ,quae
680 1964 796 2052 dixit,
831 1962 1027 2055 quaesumus
1055 1963 1139 2037 asiis
1165 1968 1332 2043 haereant.

267 2061 452 2157 speretius
474 2065 657 2136 Duumvir
678 2063 786 2134 dixit:
840 2066 931 2161 Quae
954 2062 1068 2136 dixisti
1091 2062 1219 2158 scripta
1246 2059 1336 2141 sunt.¹

266 2162 453 2259 Agesilaus
480 2164 590 2235 dixit:
627 2162 862 2254 Adpraesente
890 2161 1074 2255 epistolam
1100 2170 1359 2261 recognovit,¹

267 2263 438 2336 residuam
464 2275 603 2355 partem
632 2282 736 2353 quarn
763 2281 862 2333 nunc
888 2264 974 2356 legit
998 2262 1117 2337 falsam
1143 2263 1212 2337 esse
1238 2267 1335 2339 dicit.

268 2359 478 2434 cecilianus
499 2363 605 2433 dixit:
641 2361 820 2452 Domine,
848 2382 960 2453 usque
977 2364 1018 2432 ad
1038 2363 1110 2435 hoc
1133 2363 1262 2435 distavi
1280 2386 1339 2438 us·

271 2481 416 2552 quequo
440 2462 572 2536 habet:
607 2465 686 2557 Opto
708 2478 759 2547 te,
782 2483 898 2556 parens
920 2460 1095 2550 carissime,
1125 2465 1338 2540 senovastre.

270 2560 505 2652 Apronianus
522 2563 630 2633 dixit:
663 2561 811 2650 Semper
831 2559 879 2655 fic
905 2557 1027 2631 salsum
1054 2580 1119 2652 per
1143 2574 1336 2654 terrorem,

268 2680 335 2753 per
357 2657 525 2750 scenam,
559 2681 623 2752 per
645 2654 879 2752 inreligiosam
903 2657 1195 2732 mentem-atrum
1219 2661 1269 2733 est
1284 2665 1336 2759 ,ab

267 2758 353 2849 his,
391 2761 449 2849 qui
479 2758 677 2831 Catholicae
703 2754 869 2829 Ecciosrae
895 2755 1108 2829 consentire
1125 2760 1336 2838 noluerunt.

266 2856 365 2931 Nam
391 2858 541 2927 Paulino
568 2856 626 2927 hic
653 2854 915 2927 administrante
939 2860 1038 2928 vices
1069 2856 1337 2954 prefectorum,

268 2952 482 3029 subornatus
514 2952 564 3027 est
591 2956 731 3045 quidam
761 2957 921 3047 privatus
943 2956 1077 3049 homo,
1111 2958 1338 3050 quirnodum

271 3053 424 3128 cursoris
444 3054 614 3146 haberet,
643 3054 757 3145 qui-ad
772 3050 970 3128 Catholicae
987 3059 1162 3134 unitatem
1176 3064 1338 3162 veniret,

269 3170 377 3244 atque
396 3173 460 3224 eos
478 3154 716 3227 induceret&
735 3169 900 3226 terreret.
936 3153 1088 3230 Deteda
1106 3160 1213 3252 igitur
1228 3159 1336 3233 satiio
1419 3189 1422 3194 ¹

271 3252 335 3325 est.
396 3251 490 3325 Nam
516 3256 805 3345 componebatur
826 3251 940 3327 Felici·
956 3255 1213 3353 religiosrsiimo
1236 3257 1338 3351 Epis-

271 3371 371 3444 copo
391 3371 455 3444 per
471 3353 718 3443 mendacium,
743 3367 785 3425 ut
806 3355 991 3427 videretur
1010 3353 1198 3447 scripturas
1216 3359 1337 3448 prodi-

271 3448 357 3523 disse
377 3449 410 3521 dr
434 3448 598 3526 exuffiffe.
648 3453 831 3548 ingentius
858 3456 999 3543 quidem
1023 3455 1104 3527 'cunr
1125 3457 1199 3527 hoc
1217 3471 1337 3530 toturn
1381 3519 1387 3528 .

272 3548 442 3642 quidquid
461 3552 609 3645 agebat,
644 3550 781 3625 obesset
802 3552 973 3640 sanititati
996 3552 1030 3622 dt
1049 3554 1212 3647 religioni
1230 3553 1338 3626 Caeci·

271 3649 379 3730 lieni,
405 3647 617 3722 subornatus
635 3649 704 3743 est,
731 3667 771 3722 ut
792 3655 938 3725 veniret
960 3671 1040 3725 cum
1060 3650 1187 3724 litteris
1206 3648 1236 3723 F
1237 3654 1350 3746 elicis:¹

272 3741 441 3842 Episcopi
460 3752 502 3822 ad
521 3744 750 3822 Caecilianum
771 3750 1036 3841 Duumvirum‚
1056 3749 1089 3820 dr
1106 3753 1138 3822 ei
1154 3748 1352 3850 confingo·

272 3859 331 3918 ret
348 3867 367 3917 a
383 3847 503 3922 Felice
518 3847 553 3921 se
572 3846 642 3922 esse
658 3849 872 3923 mandatum.
918 3849 1030 3922 Dicat
1046 3846 1118 3945 ipsa
1132 3853 1243 3925 verba
1261 3849 1337 3944 qui·
1392 3918 1395 3926 .

271 3946 340 4017 bus
366 3945 438 4021 hoc
465 3946 515 4022 est
542 3943 747 4022 confisum.
808 3945 970 4021 AEiianus
996 3948 1193 4023 Proconsul
1221 3951 1335 4025 dixit:

270 4039 358 4124 Dic.-
407 4046 684 4146 „Apronianus
700 4047 809 4223 dixii:
835 4045 929 4144 Dic,
953 4048 1098 4146 inquit,
1115 4053 1232 4222 ιωίἑο
1251 4059 1335 4221 ipso

271 4190 275 4200 ·
335 4183 349 4202 ·
514 4177 517 4182 ·
695 4171 699 4184 ·
832 4167 853 4222 2
1209 4169 1286 4224 aec-
