3200 4784
365 414 880 495 ¹·uuDouu'rrs·⁷rauuu
904 413 1157 507 Htsuoma,
1242 436 1317 535 253
1403 466 1405 471 ·

200 598 212 651 t.
247 577 427 660 Ecclesras
444 583 606 675 proprias
624 594 707 653 ante
725 579 937 664 tristantes,
964 594 1138 673 quatenus
1153 601 1175 653 a
1189 579 1246 655 die
1263 583 1315 678 di·
1402 667 1405 675 ¹

200 740 204 751 .
246 684 460 774 sputationis
476 702 517 752 ac
536 684 623 753 loco
641 682 758 753 omnis
776 679 812 754 se
826 682 1019 755 multitudo
1039 682 1244 770 contineat,
1271 677 1316 753 ut'

200 806 203 815 ·
244 781 417 876 religioso
449 781 628 873 patientie
660 779 862 876 magisterio
895 780 1081 853 delinitum
1108 779 1316 875 Christianae]

200 906 203 951 τ
245 886 325 976 paci
355 883 527 972 populum
554 893 691 970 parent.
749 879 841 951 Non
867 878 978 952 solum
1006 880 1099 953 enim
1126 877 1312 973 Episcopi,¹

246 1001 376 1053 verum
395 980 502 1051 etiam
517 979 742 1063 ‚rationabilis
762 980 798 1049 in
817 978 908 1051 hanc
927 977 1135 1052 sententiam
1155 972 1313 1072 populus

203 1072 205 1077 ’
246 1080 321 1172 ipse
343 1076 545 1169 consentit,
578 1077 836 1168 disputantibus
860 1072 1082 1169 supradiiiis:
1112 1076 1223 1151 &ubi
1242 1099 1314 1151 ma·

244 1182 306 1273 jor
331 1178 527 1269 occupatio
551 1178 723 1249 mentium
749 1174 866 1248 defixa
886 1176 1063 1269 consistit,
1090 1176 1135 1249 de
1156 1176 1317 1259 veritate,

250 1281 489 1371 quaerentibus
516 1279 604 1349 nibil
626 1276 829 1365 turbidum,
853 1275 941 1347 nihii
957 1272 1233 1368 tumultuosum,
1260 1278 1315 1349 ni·

247 1379 298 1451 hil
312 1376 465 1466 denique
478 1373 767 1466 intempestivum
783 1375 916 1447 debere
931 1374 1074 1466 prorsus
1092 1373 1314 1471 obstreperess

247 1472 344 1551 Nam
370 1491 431 1561 ut,
456 1476 733 1565 quodomnium
756 1471 856 1545 saluti
880 1470 1071 1567 proficiat,
1098 1470 1162 1549 fiat
1188 1473 1319 1568 postea

247 1576 464 1670 publicum,
506 1574 613 1646 debet
637 1572 906 1646 discutientibus
930 1568 1316 1667 veritatempraestare¹

249 1693 334 1747 ante
349 1672 540 1746 secretum:
567 1694 587 1745 a
601 1694 657 1745 me
671 1693 762 1745 vero
776 1675 827 1744 ita
843 1694 907 1768 per
923 1675 1043 1745 omnia
1056 1674 1319 1773 promulganda

247 1774 423 1847 sententia
444 1772 514 1861 est,
547 1786 588 1843 ut
615 1772 650 1845 in
673 1774 852 1863 publicam
876 1770 1009 1849 dimissa
1033 1774 1201 1845 notitiam
1227 1787 1316 1851 toto.

248 1871 439 1964 splendidae
453 1871 675 1965 Carthaginis
695 1872 835 1963 populo
845 1870 967 1962 judice
985 1872 1217 1963 ponderetur.
1257 1872 1314 1945 lta

249 1974 384 2063 quippe
402 1972 518 2044 oculis
532 1992 609 2041 non
626 1969 736 2043 solum
755 1972 851 2041 urbis
872 1970 1037 2062 huiusce,
1057 1990 1183 2045 verum
1204 1968 1319 2046 etiam'

249 2070 424 2143 universae
447 2069 647 2143 Provinciae
664 2085 765 2141 totus
783 2069 931 2143 emensae
952 2066 1200 2163 disputationis
1218 2071 1317 2143 ordo

249 2172 445 2264 pandetur,
465 2187 506 2240 ut
520 2182 590 2242 tam
606 2169 879 2261 prosecutiones
896 2166 1149 2262 disputantium
1166 2166 1315 2263 Episco-

251 2289 403 2362 porum,
429 2290 532 2359 quam
551 2271 886 2363 pronuntiationum
905 2290 1062 2343 mearum
1079 2268 1315 2353 seriesssubse·

252 2385 335 2439 cute
347 2369 485 2462 digestis
499 2371 536 2440 in
550 2370 696 2459 publico
714 2370 956 2443 voluminibus
970 2372 1182 2461 explicetur.
1224 2360 1319 2463 Hae'r':¹

250 2470 344 2541 enim
362 2469 399 2539 in
415 2469 535 2560 judice
551 2466 716 2551 securitas
732 2463 814 2537 fidei
831 2466 903 2555 est,
929 2479 970 2538 ut
986 2466 1080 2539 dese
1097 2486 1173 2536 non
1191 2466 1322 2539 timeat

247 2568 409 2661 judicari.
454 2567 505 2638 Ut
524 2568 629 2659 igitur
644 2568 679 2637 in
694 2565 876 2635 eliciendae
892 2566 1055 2635 veritatis
1071 2583 1221 2651 examen
1237 2585 1315 2645 non

228 2710 230 2714 -
250 2665 407 2755 inserpat
432 2667 652 2755 aliquatenus
679 2660 893 2733 calumniosa
912 2658 1091 2756 suspicio,
1125 2665 1315 2753 lucemque

250 2766 497 2858 perspicuam,
533 2784 636 2850 quam
666 2761 845 2831 mentibus
875 2762 1027 2851 publicis
1057 2760 1318 2854 probationum

250 2864 474 2934 evidentium
506 2857 593 2931 fides
625 2856 785 2931 absoluta
814 2861 1000 2953 purgabit,
1035 2862 1141 2935 nullis
1171 2864 1317 2955 penitus

249 2962 392 3036 nebulis
418 2958 574 3030 causatio
598 2958 790 3046 cujuslibet
817 2958 925 3051 partis
949 2960 1131 3049 obducat3
1157 2960 1192 3034 id
1208 2962 1317 3035 etiam

251 3074 382 3135 contra
397 3056 630 3148 suspicionum
646 3056 750 3143 sucos
767 3058 799 3129 dr
814 3056 1180 3133 commentasaiiendi
1194 3054 1317 3135 neces·

251 3156 560 3249 sarioprovisum.
616 3156 950 3231 Noverintomncs
970 3178 1045 3233 non
1068 3152 1181 3234 solum
1203 3178 1315 3253 opor·

251 3272 351 3343 tere,
372 3278 497 3331 verum
514 3259 619 3331 etiam
633 3256 801 3347 expedire
819 3252 973 3350 servari,
998 3250 1133 3332 scilicet
1146 3273 1187 3330 ut
1203 3260 1315 3331 inter·

249 3352 385 3432 fatibus
417 3360 508 3431 meis·
530 3379 587 3430 me
618 3358 781 3448 primitus
815 3376 879 3447 per
912 3356 1033 3429 omnia
1073 3354 1315 3431 subscribente

251 3457 361 3531 etiam
386 3476 512 3527 omnes
535 3454 751 3545 disputantes
770 3453 937 3549 Episcopi
953 3455 1019 3527 suis
1036 3450 1072 3528 in
1090 3454 1217 3528 scheda
1234 3477 1324 3545 pro·.

251 3553 498 3629 secutionibus
521 3548 674 3626 universi
695 3557 828 3644 absque
843 3548 1323 3649 ullaprorsusexcusatioue,

250 3650 482 3731 subscribant.
535 3652 655 3746 Exigit
681 3656 776 3725 enim
800 3657 966 3725 meritum
993 3645 1099 3742 fidei,
1125 3667 1166 3724 ut
1189 3649 1325 3753 adver-j

251 3752 308 3826 sus
328 3775 432 3845 eum,
460 3754 519 3845 qui
537 3742 785 3823 assertionibus
803 3742 877 3843 suis·
886 3742 1060 3843 perfidum
1079 3747 1176 3825 forte
1189 3744 1316 3827 subdu·

253 3872 337 3925 cere
353 3857 501 3927 tentarit
516 3848 682 3924 assensum
701 3851 735 3921 dt
751 3840 924 3945 inficiari,
945 3870 1022 3941 quae
1037 3848 1188 3947 dixerit,
1207 3858 1316 3929 etiam

253 3950 447 4025 testimonii
473 3952 522 4025 sui
546 3948 712 4024 consistat
736 3946 955 4042 austeritas,
990 3948 1050 4025 ubi
1078 3942 1142 4023 soii
1168 3944 1327 4043 proficit.

254 4049 409 4127 victoria
430 4052 588 4127 veritati.
647 4046 676 4125 li
697 4060 837 4149 summ,
869 4042 929 4153 qui
948 4044 1152 4159 excipiendi
1164 4042 1338 4155 sonuum.

305 4146 673 4246 optariAsrrYom.I.
811 4146 817 4166 '
911 4140 953 4229 7.
1080 4150 1098 4159 ““
1143 4154 1184 4179 ·’
1225 4144 1317 4255 uss
