3200 4784
393 387 451 445 on
476 360 884 467 Dounrrtrnnoli
913 360 1180 459 litorum:
1237 332 1324 461 '305

257 555 305 632 34
326 528 403 605 Ubi
421 530 457 603 id
472 528 583 622 ipsum
604 527 648 602 de
667 527 840 601 Mensutii
854 529 1008 603 nornine
1028 512 1296 603 anonatlstss
1285 550 1323 606 tn

356 631 573 703 catholicos
591 641 834 718 retorquetur

253 742 308 828 35·
328 730 603 804 Catholicorunt
622 725 665 801 ed
681 727 744 799 iiie
759 727 964 820 responsio,

253 837 301 928 36
327 829 569 904 interlocutio
596 827 641 899 de
665 828 746 923 lege
768 830 942 923 recitata,
969 823 1243 929 &discutiendo
1264 839 1322 902 to
1307 852 1357 895 t

223 1001 231 1009 ,
355 931 576 1001 tiuserroris
594 929 744 1022 origine.

254 1054 301 1126 37
327 1026 401 1101 Ubi
424 1045 550 1120 precer
574 1026 847 1102 Catholicorum
871 1026 942 1123 legi
965 1025 1027 1101 lbi
1044 1016 1225 1175 postulent
1244 1026 1322 1101 Do·

351 1127 498 1201 natistae.
723 1174 727 1178 -

252 1239 297 1324 38
326 1226 575 1301 interlocutio
586 1224 632 1296 de
656 1219 832 1315 rescripto
852 1226 1085 1320 pragmatico.

253 1352 299 1425 39
328 1319 816 1500 ProsescutipDonatiliurutn
831 1322 877 1396 de
891 1318 1322 1423 legatorum'discutienda

380 1444 419 1499 er
435 1446 508 1497 ona
719 1442 723 1455 ¹

250 1550 300 1622 40
325 1448 400 1598 Upbi
428 1518 609 1597 Catholici
632 1517 900 1617 contestantur,
934 1524 1046 1598 multa
1065 1521 1205 1621 agendo
1231 1512 1320 1599 nihii

356 1626 473 1697 velle
478 1643 581 1719 egere
601 1620 868 1694 Donatistae·

236 1745 324 1817 ’44
320 1725 418 1798 Item
439 1720 711 1794 Catholicorurn
728 1721 936 1813 prosecutio
955 1721 1000 1795 tie
1017 1722 1093 1814 hic,
1117 1742 1194 1814 quae
1218 1719 1321 1814 supcr

330 1829 553 1918 legatorum
575 1819 724 1913 persona
743 1818 938 1893 Donatistae
951 1820 1095 1895 fuerant
1112 1819 1308 1914 prosecuti.

224 1927 301 2018 'itt
328 1923 568 1997 Interiocutio
592 1921 636 1992 de
659 1917 842 2013 superfluis
868 1923 1081 2041 amovendis
1107 1920 1141 2035 bt
1165 1924 1319 2018 negotio

353 2021 609 2116 proponendo.
712 2050 714 2059 ·

252 2144 300 2216 43
328 2118 537 2195 Prosecutio
566 2114 836 2194 Donatistarum
865 2113 911 2191 de
935 2116 1112 2211 Imperiell
1142 2117 1319 2211 rescripto

279 2219 698 2337 Catholicorurnque
716 2218 919 2292 mandato
909 2232 1003 2290 rnter
1022 2217 1057 2292 se
1076 2220 1231 2315 pariter
1232 2239 1322 2291 con·

351 2318 515 2393 serendo.

252 2439 302 2513 44
325 2417 400 2492 Ubi
419 2418 572 2492 asserunt
584 2416 792 2506 Catholici,
817 2409 1062 2516 prosecutioni
1081 2412 1149 2487 suae
1166 2413 1321 2488 Donati·

353 2519 419 2591 stas
435 2520 578 2592 minime
594 2514 823 2608 respondisse

252 2644 299 2711 45
327 2616 571 2691 Intetlocutio
589 2617 633 2686 de
653 2621 753 2708 lege,
781 2630 850 2702 qua
873 2610 975 2683 datus
995 2602 1050 2683 est
1059 2613 1254 2709 cognitor,
1280 2612 1319 2687 i'll

251 2768 253 2773 .
357 2736 426 2803 qua
448 2714 608 2802 partesrt
628 2707 1067 2805 superstitioconstituta(
1386 2766 1392 2781 .

252 2818 304 2908 46
327 2810 402 2884 Ubi
420 2810 573 2984 nssgrupt
587 2809 807 2904 Donatistae,
828 2826 947 2884 mores
964 2812 1086 2905 potius
1101 2828 1168 2906 pet
1184 2806 1319 2959 Clitito·
1409 2900 1412 2919 Ι

355 2913 446 2984 iicon
490 2931 540 2986 erl
1335 2945 1338 2953 ¹

201 3033 206 3039 ·
243 3033 300 3107 ,47
328 3009 601 3085 catholicorum
623 3004 745 3083 adista
762 3006 967 3086 contentio.

252 3121 300 3202 48
329 3111 589 3199 Interlocutio,
616 3111 781 3202 quidnnrn
799 3123 944 3204 petetur
961 3130 980 3183 e
995 3107 1167 3202 ptrtibos.

252 3233 301 3307 49
330 3209 539 3284 Prosecutio
563 3166 852 3295 Uonatistarunt,
875 3209 1007 3283 debere
1023 3208 1236 3283 Catholicos
1256 3223 1318 3284 aut

336 3305 1075 3403 mandatisuinutlmperiaiitpraeceptiiitb
1073 3310 1315 3400 ltelaciutaln

252 3428 302 3499 50
326 3407 526 3502 Responsio
545 3409 844 3525 corbolicum,
877 3411 975 3501 quod
992 3409 1202 3483 tuendorum
1218 3406 1319 3545 suunt
1366 3446 1370 3453 =

351 3507 731 3581 univeriicontineat
941 3556 945 3563 -

252 3625 297 3696 51
326 3605 593 3722 interlocutio,
628 3621 696 3696 que
720 3604 916 3697 exponitur
937 3618 966 3677 n
977 3598 1178 3677 Donatistis
1199 3540 1319 3682 sonna

353 3704 575 3801 pragmatici,
597 3701 920 3779 &catholicorum
935 3697 1101 3797 professio
1109 3700 1316 3811 'probabilis

351 3809 538 3887 iudicatur.

251 3923 300 3995 52
317 3901 400 3977 Ubi
418 3908 542 3979 dicunt
558 3894 771 3999 Donatistae,
785 3893 998 3977 Cttboilcou
1015 3893 1229 4065 inperatori
1246 3904 1316 3981 esse

351 4009 536 4082 mentitos.

301 4105 417 4199 optati
425 4101 512 4197 Afri
529 4101 660 4185 siml.
735 4160 737 4165 -
868 4094 909 4183 U
1151 4092 1310 4196 &Ubi
