3200 4784
1269 422 1340 488 ut

199 565 205 631 ἓ
331 570 527 674 Interim,
555 595 666 684 quos
690 567 814 654 ludos
839 567 1023 680 populo,
1054 568 1214 687 fibique
1234 573 1326 686 post

249 683 330 778 fcta
358 685 522 774 inferias
546 686 745 795 Princeps
770 682 1075 771 Dessaviensum
1102 686 1324 778 destinaue-

248 827 332 905 rat,
366 803 570 890 hos-nova
593 805 740 913 pietate
762 801 807 885 in
831 797 939 884 sacra
957 798 1131 885 natalitia
1151 807 1324 913 optimae

248 916 444 1030 conjugis
468 917 606 1004 vertit.
642 917 829 1028 „Qrovis
853 912 940 1021 c'jus
964 913 1086 998 natali
1113 914 1178 1002 die
1197 917 1322 1005 ludos

215 1077 218 1094 =
246 1032 318 1118 hic
340 1037 426 1146 agit
448 1030 558 1116 illius
580 1033 767 1145 regionis
786 1030 933 1113 rustica
948 1026 1160 1136 juventus.
1218 1033 1323 1118 Cur·

215 1103 221 1277 l
249 1147 441 1232 rentibus
456 1147 595 1258 pueris
609 1143 868 1256 puellisque,
887 1141 930 1228 u
945 1141 1075 1228 nescio
1093 1142 1195 1257 quid
1211 1145 1323 1234 aliud

216 1278 223 1341 ἑ,
251 1260 358 1346 ultra
374 1259 615 1346 ludentibus
632 1258 824 1371 gloria&
841 1261 1066 1367 proemium
1081 1259 1152 1360 est,
1170 1257 1222 1342 ab
1239 1260 1322 1371 ipsa

215 1423 221 1506 t
252 1375 444 1486 Principe
471 1377 682 1471 coronari,
713 1374 757 1460 δι
779 1396 955 1456 munere
981 1369 1138 1458 donari.
1197 1373 1323 1460 Sedet'

251 1487 335 1599 ipsa
350 1492 393 1576 in
410 1515 532 1574 arena
548 1513 599 1572 eo
615 1485 730 1588 loco,
781 1487 823 1572 ui
840 1485 1107 1572 currentibus
1123 1508 1233 1572 meta
1250 1490 1321 1588 est,

250 1601 471 1704 brabeuta,
505 1622 742 1711 exceptura·
780 1627 798 1650 ¹
823 1624 1092 1702 coronatura,
1124 1603 1199 1714 qui
1219 1601 1322 1686 alios

248 1716 372 1804 cursu
399 1718 699 1832 praeverterint.
727 1785 731 1792 .
753 1713 1068 1800 circumsedent
1093 1717 1136 1800 in
1154 1709 1323 1828 'amphi-

249 1831 411 1918 theatro
441 1854 575 1941 patres
605 1853 867 1942 matresque:
904 1830 946 1916 az
974 1827 1153 1942 plurima
1181 1831 1320 1934 turba,

247 1946 333 2056 qui·
353 1941 533 2055 superest
559 1943 902 2045 eutrncarcetes,
939 1943 1084 2029 locum
1102 1941 1321 2054 spatiosum

247 2081 470 2168 occupant,
479 2055 769 2171 plauduntque
781 2058 1182 2167 cernntijuventuti.
1208 2057 1320 2144 Prin·

247 2197 348 2283 ceps
369 2169 455 2282 ipse
477 2171 555 2260 hos
574 2169 696 2264 ludos
717 2171 769 2258 ab
790 2171 914 2258 altos
936 2170 1040 2258 celat
1058 2171 1238 2258 triclinio
1256 2172 1318 2260 su·

246 2284 480 2397 perstrusto
494 2308 634 2398 petrae,
650 2289 719 2374 cui
733 2311 879 2399 crypta
893 2199 1156 2398 se'pulchralis
1170 2285 1318 2387 subest,

246 2399 385 2490 amicis
409 2398 685 2486 circumdatus
705 2403 988 2515 &peregrinis
1006 2427 1114 2514 quos
1133 2403 1191 2484 rei
1208 2398 1318 2484 fama

246 2512 393 2624 plures
408 2513 592 2616 attrahit,
621 2512 700 2600 suae
724 2514 776 2602 src
800 2505 912 2630 qu'asr
935 2516 1159 2626 posteritati
1176 2509 1316 2624 super·

246 2627 347 2720 stes,
378 2625 531 2740 suaque
548 2631 669 2714 vivus
685 2629 904 2740 parentalia
921 2651 1140 2713 contuens.

330 2741 423 2832 Ha'c
446 2743 531 2854 ego¹
543 2745 588 2826 in
604 2741 767 2854 specula
783 2739 1000 2852 paululum
1018 2738 1172 2827 substiti
1190 2738 1317 2827 semo·

244 2851 314 2940 tus
331 2859 577 2946 acomitutn
594 2855 736 2958 turba,
765 2879 814 2940 ut
840 2852 909 2939 soli
934 2853 1034 2940 mihi
1063 2879 1228 2942 carmen
1252 2885 1313 2943 ca·
1362 2953 1364 2958 ,

245 2987 421 3070 nerem,
468 2966 585 3166 guod
613 2965 720 3054 ultra
749 2967 1011 3081 sepulchrum
1042 2992 1228 3056 mentem
1262 2970 1315 3056 ad

225 3082 443 3169 'aethereas
485 3079 581 3168 edes
608 3107 812 3180 wocaret.
871 3079 1133 3172 Descendens
1161 3084 1313 3195 postea,

204 3243 208 3256 ·
242 3199 494 3312 priusquam
514 3196 630 3283 sociis
655 3199 909 3302 restituerer,
940 3225 1019 3312 pro
1041 3197 1166 3311 longa
1186 3197 1314 3310 hujus

244 3315 412 3424 generis
436 3311 636 3425 Principis
661 3313 963 3416 incolumitate,
1001 3335 1098 3400 vota
1122 3311 1219 3399 seci:
1258 3312 1313 3398 se·

243 3429 330 3512 rius
347 3421 400 3510 ad
416 3423 585 3538 superos
602 3423 762 3530 redeat,
791 3450 996 3539 precatus.

193 3592 195 3598 ·
262 3621 268 3634 ,
330 3542 475 3654 Aegre
505 3533 722 3642 Deisavio,
763 3563 890 3656 atque
920 3540 972 3624 ab
1003 3539 1092 3652 ejus
1123 3540 1312 3653 Principe

219 3683 223 3690 ·
245 3647 423 3740 discedo.
487 3653 664 3740 Moestus
693 3652 796 3740 adeo
829 3654 1016 3759 abirem,
1055 3653 1128 3740 nisi
1155 3654 1207 3740 ad
1229 3657 1311 3760 Te,

244 3769 399 3855 Amice
415 3770 592 3878 optime,
619 3789 800 3882 tuosque
817 3768 942 3873 lares,
973 3793 1022 3854 ut
1039 3767 1089 3852 ad
1108 3772 1233 3856 totius
1253 3774 1312 3855 iti-

244 3883 359 3968 neris
390 3885 647 3994 praecipuum
676 3881 848 3994 scopum
878 3880 1112 3980 tenderem,
1142 3883 1314 3998 jamque

193 4037 196 4042 ·
242 3996 317 4108 iis,
348 4021 401 4084 ex
415 3998 658 4113 propinquo
677 3996 1081 4205 quagimminerem.
1182 4113 1222 4205 S
1393 4077 1396 4084 .

555 4185 559 4194 .
813 4139 843 4232 4
1220 4138 1284 4199 er·

1331 4219 1352 4259 ἱ
