3200 4784
537 379 545 404 r
649 359 799 439 Ltrru
840 377 1068 454 quartur.
1347 381 1398 470 7²

193 571 205 623 ,
321 519 528 598 talia-dedit
543 521 670 596 orandi
684 521 872 612 mandata,
898 535 940 593 ut
959 524 1020 594 vel
1035 523 1073 594 in
1092 521 1394 632 orationeunitar

193 701 204 733 ,
321 635 551 714 remaneret,
584 635 627 694 ut
647 641 774 715 preces
791 623 1005 716 jungerent,
1033 641 1125 711 quos
1145 623 1392 716 discrepaturae

193 802 199 819 ‚
320 723 469 798 fuerant
487 735 620 814 partes.
673 719 828 794 Oramus
848 740 917 812 pro
937 721 1045 794 vobis
1057 765 1078 813 ‚-
1096 723 1178 811 quia
1196 725 1387 814 volumus3

193 861 203 917 t
322 821 358 895 se
375 841 446 894 vor
458 841 526 915 pro
542 820 672 913 nobis,
690 819 724 892 δι
743 841 825 893 cum
844 839 919 892 non
939 821 1067 892 vultis:
1094 833 1157 892 aut
1172 821 1267 896 dicat
1282 844 1391 898 unus·

193 984 207 1005 ‚
321 919 475 1013 quisque
494 918 677 1012 vestrum,
702 937 795 1016 pater
810 944 916 1010 meus,
939 925 996 1016 qui
1012 923 1135 1004 rucoeiis
1151 941 1201 990 es:
1224 920 1263 995 Θ
1276 944 1390 1018 partem

321 1043 428 1092 meum
437 1023 660 1117 quotidianum
676 1021 811 1090 demitti
827 1020 933 1092 hodie:
960 1020 998 1095 (Ἰ
1011 1023 1138 1091 dimitte
1154 1022 1237 1090 mitt
1250 1042 1385 1115 peccata,

345 1123 467 1194 comato
484 1117 527 1196 ὅ
549 1145 598 1214 ego
622 1121 756 1190 debitori
777 1142 851 1194 meo.
911 1117 1043 1212 Igitur,
1069 1120 1093 1192 fi
1119 1141 1197 1211 quae
1221 1124 1387 1197 mandata

319 1147 424 1312 funt,
442 1221 572 1296 mutari
593 1240 669 1291 non
687 1216 851 1311 possunt:
878 1219 1009 1292 videtis
1028 1239 1097 1292 nos
1113 1240 1190 1292 non
1210 1221 1246 1293 in
1265 1233 1385 1296 totum

321 1323 367 1393 ab
384 1320 540 1394 invicem
556 1318 626 1392 esse
643 1319 845 1410 separatos,
864 1317 946 1391 dum
964 1318 1079 1391 &nos
1095 1339 1163 1410 pro
1181 1321 1289 1391 vobis
1306 1340 1385 1391 ora·

194 1488 210 1521 ,
283 1419 287 1427 '
318 1439 415 1511 mua,
428 1421 616 1492 volentesr
634 1418 667 1488 ἃ
683 1437 754 1488 vos
770 1418 1099 1508 promiseratis,
1117 1417 1383 1496 &inolentea

318 1517 459 1600 vider,
484 1519 597 1592 frater
620 1517 874 1608 Parmeniane,
901 1514 1014 1590 santia
1038 1517 1280 1612 germanitatis
1308 1519 1385 1591 uin·

193 1691 199 1724 ,
318 1620 400 1692 cula
415 1620 508 1692 inter
523 1639 591 1691 nos
607 1618 641 1688 u
658 1637 750 1707 uos,
774 1618 812 1688 in
825 1632 943 1689 toturn
961 1619 1076 1710 rumpi
1092 1636 1170 1690 non
1187 1616 1302 1711 posse·

193 1792 199 1811 ‚
396 1739 428 1808 3.
455 1719 532 1811 Jam
548 1731 720 1808 peccatur
737 1717 946 1805 quaerendus
962 1715 1033 1805 est,
1061 1719 1160 1807 cuius
1181 1719 1302 1809 potuit
1321 1718 1382 1792 vel

193 1877 205 1892 .
311 1818 443 1889 'eleum
463 1817 602 1907 timeri,
629 1816 690 1885 vel
711 1810 918 1886 sacrificium
937 1814 1126 1904 repudiari.
1178 1814 1297 1890 Cesset
1319 1817 1382 1888 hu·

193 1977 202 1996 .
272 1912 276 1922 '
312 1934 424 1990 mana
441 1912 607 2003 suspicio:
627 1915 812 2004 utriusque
829 1914 938 2007 partis
953 1913 1154 2006 presumtio
1166 1914 1281 1988 fileae:
1300 1916 1379 2006 quir

193 2075 199 2089 .
312 2011 362 2086 fit
386 2027 583 2104 peccator,
616 2010 711 2086 solue
731 2011 867 2084 indicet
887 2011 998 2086 Deus.
1048 2011 1215 2110 Legimus
1235 2017 1381 2105 quadra·

313 2110 451 2208 gesimo
470 2131 571 2184 nono
589 2107 725 2184 Psalmo
742 2110 977 2185 subsecundo
997 2112 1243 2207 diapsalmate,
1274 2114 1380 2207 Spiri-

295 2226 393 2310 ¹tum
410 2208 574 2283 smmum
595 2209 735 2291 dixisse,
755 2215 912 2284 Peccatori
925 2228 1030 2284 artem
1044 2216 1128 2284 dixit
1143 2217 1241 2287 Deus.
1293 2214 1380 2288 Hoc

313 2309 404 2391 loco
430 2310 650 2382 advertenda
676 2310 726 2385 est
747 2314 977 2386 tutamentis
996 2314 1174 2404 intentio,
1202 2315 1381 2388 &videm

315 2409 429 2500 dum,
463 2411 541 2499 quir
561 2410 602 2483 stt
620 2427 805 2502 peccator.
863 2410 900 2484 si
923 2411 1014 2487 enim
1041 2412 1227 2504 postquam
1248 2411 1378 2488 lettum

313 2507 385 2604 est,
415 2511 570 2581 Peccatori
592 2528 697 2580 autem
717 2515 802 2581 dixit
827 2513 936 2582 Deus:
971 2513 1084 2584 verba
1106 2511 1309 2600 hujusmodi
1328 2509 1377 2582 se·-

314 2623 539 2700 querentur,
559 2623 601 2680 ut
619 2610 779 2701 diceret,
817 2602 931 2704 Tulifti
953 2635 1060 2694 arma,
1092 2605 1254 2704 pruceffiflr
1271 2609 1307 2678 tie
1328 2623 1378 2679 te·

311 2709 404 2802 (iris,
423 2709 538 2805 stetisti
552 2727 663 2778 contra
680 2709 771 2802 histes
793 2713 829 2776 in
844 2715 926 2778 ecre:
952 2706 1147 2780 timendum
1168 2723 1245 2779 erat
1259 2709 1376 2801 militi,

311 2810 395 2900 quia
410 2811 532 2899 potuit
546 2806 618 2898 ipse
634 2807 748 2877 videri
764 2819 947 2898 peccator.
1000 2805 1077 2877 Aut
1090 2806 1114 2879 si
1127 2806 1282 2894 diceret,
1299 2832 1376 2880 com-

309 2908 430 3007 parasii
448 2930 576 2992 merces,
592 2910 812 3000 peregrinatus
825 2931 877 2986 es,
895 2906 977 3002 eristi
988 2907 1172 2995 nundinas,
1190 2907 1377 2997 lucricausa

309 3008 392 3102 qued
415 3031 554 3088 emerus,
585 3006 775 3101 vendidisti.-
808 3007 1004 3079 timendum
1031 3021 1106 3080 erat
1132 3007 1374 3102 negociatori,

311 3107 396 3196 quia
419 3106 540 3195 potuit
559 3106 631 3199 ipse
646 3106 759 3179 videri
774 3120 959 3198 peccator.
1011 3107 1088 3179 Aut
1104 3106 1129 3182 s1
1147 3107 1303 3199 diceret,
1318 3107 1375 3198 fa·

310 3204 436 3300 bricussr'
450 3229 582 3290 nauem,
607 3206 783 3302 instruxisti
796 3205 945 3294 funibus,
971 3207 1089 3303 amasii
1105 3211 1205 3293 veiis,
1230 3223 1374 3302 oppertu-

243 3378 249 3403 ‚
310 3330 388 3389 rtur,
405 3319 444 3373 trt
457 3309 623 3396 navigares
632 3308 777 3401 capteflis
791 3323 924 3378 ventes:
942 3305 1137 3380 timendum
1151 3321 1227 3380 erat
1241 3311 1374 3394 nausti,

243 3456 247 3490 :
314 3403 399 3496 quia
415 3407 537 3495 potuit
552 3401 624 3495 ipse
642 3407 756 3480 videri
771 3423 954 3496 peccator.
1005 3404 1083 3477 Aut
1100 3404 1182 3496 post
1205 3425 1308 3494 quam
1327 3404 1376 3474 le·

242 3498 246 3571 i
316 3503 409 3577 tium
430 3501 504 3574 est:
541 3505 694 3574 Peccatori
716 3523 819 3576 autem
845 3509 928 3574 dixit
950 3510 1056 3575 Deus:
1091 3505 1115 3580 s1
1144 3503 1375 3595 sequerentur

240 3640 243 3670 τ
314 3601 391 3676 haec
414 3604 549 3692 verba,
582 3602 722 3695 dissentio
747 3605 783 3677 (Ἰ
806 3606 976 3696 schilmeta
1003 3603 1061 3672 tibi
1092 3604 1273 3698 displicuit,
1305 3607 1375 3669 tort·

239 3691 242 3738 ³
312 3702 444 3798 cordesii
476 3727 545 3772 cum
570 3703 682 3798 fratre
714 3721 791 3794 tut,
829 3704 869 3780 ὁ·
900 3726 1058 3773 eumuna
1088 3700 1220 3795 Eccitfia
1246 3707 1313 3798 qud
1336 3701 1374 3797 ιβ

314 3805 354 3872 in
395 3819 460 3873 toto
500 3803 568 3874 orbe
610 3820 802 3890 terrarum,
852 3802 1079 3895 communicasti
1111 3802 1226 3900 septem
1271 3801 1374 3872 Eccit-

308 3902 366 3995 fit's
400 3901 439 3977 Pi
469 3910 624 3976 memoriis
655 3903 887 4001 Apostolorum,
930 3905 1088 3997 ampiexus
1123 3927 1156 3975 er
1189 3905 1374 3973 unitatem:

314 4000 443 4079 fihaec
470 4000 680 4099 subsequens
707 4001 813 4078 lectio
824 4006 1074 4178 ἑοῃιίηεῐεῑ,
1112 4003 1220 4080 nobie
1248 4003 1376 4173 {mem

882 4123 910 4194 4
1280 4121 1350 4172 um.
