3200 4784
520 425 614 480 12
894 457 955 480 „-
1206 397 1632 480 -Oruen
1679 399 1972 479 Aru

517 580 762 653 ortum
794 539 1079 639 constet
1109 562 1257 638 hoc
1290 565 1589 637 alterum
1622 566 1910 638 malum:
1964 583 2119 655 quae
2152 559 2642 645 convenerint

515 664 788 741 causae·
860 686 1015 756 quae
1059 663 1326 736 fuerint
1372 669 1689 778 operatae
1739 663 2104 757 personae:
2174 670 2290 755 qui
2342 684 2641 743 autores

511 763 727 857 hujus
767 764 969 837 mali.
1036 764 1154 855 qui
1197 763 1632 846 nutritores:
1699 783 1737 834 a
1782 764 2033 856 quibus
2079 763 2210 836 sint
2255 767 2470 839 inter
2481 790 2639 862 par·

513 876 628 937 tes
670 868 755 936 ab
789 836 1229 956 Imperatore
1276 861 1627 954 postulata
1665 862 1966 952 judicia.
2034 865 2156 954 qui
2195 859 2502 939 sederint
2519 870 2638 959 ju·
2704 920 2715 928 -

512 964 752 1049 dices-2
792 964 913 1036 ubi
945 962 1028 1035 fit
1063 959 1287 1034 astum
1320 960 1765 1035 Concilium:
1798 983 1953 1052 quae
1984 962 2117 1034 smt
2150 966 2449 1054 prolatae
2486 964 2640 1040 sen-

513 1067 784 1156 tentiae.
904 1061 1021 1134 De
1068 1055 1421 1134 divifione
1471 1062 1740 1156 agitur.
1794 1060 1861 1133 &
1903 1061 1974 1133 in
2014 1061 2307 1154 Africa,
2357 1065 2533 1137 ficut
2568 1065 2638 1148 δε
2710 1083 2722 1112 ¹

430 1197 439 1210 ·
512 1164 589 1235 in
639 1162 911 1234 caeteris
958 1162 1410 1254 provinciis,
1468 1181 1611 1243 una
1654 1175 1809 1232 erat
1852 1157 2202 1252 Ecclefia‚
2255 1177 2639 1256 antequam

512 1262 959 1333 divideretur
1000 1262 1087 1331 ab
1134 1260 1667 1333 ordinatoribus
1706 1259 2089 1349 Majorini.
2143 1264 2340 1354 cujus
2379 1277 2459 1337 tu
2495 1264 2635 1337 hae-

509 1351 918 1433 reditariam
973 1357 1430 1433 Cathedram
1454 1359 1673 1434 sedes,
1790 1359 2202 1435 Videndum
2254 1361 2406 1451 est,
2476 1366 2640 1454 quis

511 1458 589 1534 in
625 1462 863 1531 radice
894 1480 1055 1533 cum
1090 1474 1259 1532 toto
1296 1462 1477 1533 orbe
1507 1457 1874 1534 manserit:
1925 1462 2081 1549 quis
2117 1460 2309 1536 foras
2343 1462 2632 1534 exierit.

513 1562 675 1649 quis
714 1558 1139 1632 Cathedram
1188 1560 1445 1631 sederit
1489 1561 1826 1632 alteram:
1896 1579 2050 1649 quae
2089 1575 2255 1633 ante
2288 1579 2443 1634 non
2485 1561 2638 1635 fue-

482 1675 664 1731 ‚rat.·
719 1658 871 1747 quis
919 1659 1139 1731 altare
1188 1672 1446 1730 contra
1484 1660 1703 1731 altare
1746 1660 2104 1732 erexerit:
2159 1661 2314 1750 quis
2354 1661 2635 1733 ordina-

511 1759 791 1830 tionem
839 1756 1146 1849 fecerit‚
1218 1757 1418 1830 salvo
1463 1760 1697 1831 altero
1744 1753 2134 1830 o'rdinato:
2201 1761 2354 1849 quis
2396 1761 2635 1851 jaceat

510 1856 641 1938 sub
681 1856 1028 1930 sententia
1055 1857 1348 1951 Joannis
1382 1856 1761 1951 Apostoli,
1813 1859 1932 1948 qui
1970 1857 2149 1929 dixit
2179 1862 2448 1930 multos
2486 1858 2635 1931 An-

509 1956 874 2028 tichristos
909 1957 1101 2029 foras
1142 1959 1502 2031 exituros:
1567 1966 1719 2054 quia
1766 1982 1897 2026 non
1941 1972 2129 2027 erant
2174 1957 2482 2053 (inquit)
2524 1982 2639 2027 no-

499 2055 666 2153 stri.-
717 2081 867 2125 nam
893 2056 953 2152 fi
983 2057 1175 2151 nostri
1200 2054 1426 2147 effint,
1478 2054 1828 2152 manfiffi’m
1858 2058 2188 2128 nobiscum,
2286 2053 2479 2151 Ergo
2509 2058 2630 2145 qui

508 2158 588 2229 in
641 2175 792 2228 uno
841 2175 1000 2227 curn
1049 2156 1718 2228 fratribus-manere
1758 2156 2039 2245 noluit,
2105 2156 2483 2232 haereticos
2530 2154 2631 2228 se·

512 2268 770 2345 cutus,
826 2255 1014 2344 quafi
1050 2255 1530 2330 Antichristus
1567 2255 1762 2344 foras
1798 2256 2053 2330 exivit.

672 2358 779 2425 16.
854 2354 1025 2426 Hoc
1090 2355 1276 2446 apud
1327 2352 1822 2449 Carthaginem
1887 2353 2050 2447 post
2100 2353 2632 2450 ordinationem

512 2451 869 2526 Caeciliani
908 2452 1167 2526 factum
1203 2453 1387 2545 ess'e,
1437 2474 1657 2529 nemo
1698 2452 1798 2525 est
1827 2456 1943 2544 qui
1975 2454 2281 2527 nesciat.
2331 2475 2458 2548 per
2489 2453 2633 2527 Lu-

484 2555 743 2625 cillarn
776 2552 1087 2643 scilicet,
1119 2552 1361 2625 nescio
1394 2574 1631 2644 quam,
1668 2554 2022 2626 foeminam
2055 2552 2440 2646 factiosam,
2477 2574 2635 2645 quae

399 2720 405 2730 .
513 2667 681 2726 ante
716 2651 1122 2725 concuss‘am
1162 2654 1676 2746 persecutionis
1714 2653 2076 2725 tubinibus
2120 2673 2410 2746 pacem,
2462 2655 2650 2726 dum·

510 2752 746 2823 adhue:
778 2754 846 2823 in
886 2771 1038 2823 tran
1098 2753 1270 2823 uino
1298 2751 1843 2827 effetEcclefia:
1899 2775 2055 2823 curn
2095 2775 2303 2823 corre
2359 2754 2631 2823 tionem
