3200 4784
589 407 775 491 'uiam
811 401 1025 488 sanstus.
1313 431 1360 507 57

289 577 472 674 sepultura
483 577 521 652 in
538 576 650 651 domo
664 575 735 648 Dei
749 573 909 647 exhiberi
927 570 1094 646 concessa
1108 570 1170 650 est.
1220 569 1361 651 Eorum

289 679 419 774 postea
439 679 678 753 convaluerat
694 673 903 750 multitudo,
955 673 1016 744 Sic
1035 675 1174 746 invenit
1188 675 1360 749 Donatus

290 779 512 875 RagaJensis,
543 779 640 852 unde
664 789 792 848 contra
812 773 1010 846 Macarium
1031 771 1197 848 furiosam
1222 774 1361 848 condu-

292 895 395 953 ceret
408 879 561 954 turbam.
613 876 668 948 Ex
685 873 761 966 ipso
780 894 912 969 genere
934 871 1101 962 suerunt,
1129 874 1187 962 qui
1201 873 1264 950 ubi
1279 891 1359 968 per·

294 979 454 1054 cusores
476 977 539 1052 sub
569 976 766 1070 cupiditate
792 973 866 1045 falsi
894 973 1054 1064 martyrii
1074 971 1222 1046 insuam
1243 977 1361 1068 perni-

295 1081 386 1156 ciem
406 1079 670 1152 conducebant.
731 1073 819 1146 lnde
839 1072 944 1144 etiam
961 1073 1033 1164 iiii,
1060 1073 1119 1163 qui
1139 1091 1184 1146 ex
1205 1073 1360 1160 altorum

292 1180 472 1255 montium
499 1177 742 1253 cacuminibus
766 1173 857 1245 viles
885 1171 1015 1244 animas
1040 1172 1298 1265 projicientes,
1324 1175 1361 1246 se

292 1279 497 1375 precipites
516 1277 660 1352 dabant.
716 1270 815 1346 Ecce
835 1293 880 1346 ex
899 1272 992 1363 quali
1011 1291 1162 1344 numero
1182 1271 1242 1343 sibi
1260 1269 1362 1362 Epis·-

294 1395 411 1472 copus
425 1380 517 1470 ,alter
534 1378 727 1465 Donatus,
748 1372 924 1450 cohortes
938 1369 1120 1444 effecerat.
1159 1370 1245 1443 Hoc
1260 1388 1361 1443 metu

293 1477 457 1552 deterriti
473 1478 547 1565 iili,
581 1481 641 1568 qui
660 1473 842 1556 thesauros
864 1474 1057 1566 ferebant,
1091 1489 1182 1564 quos
1198 1473 1362 1564 pauperi·

293 1577 363 1650 bus
385 1589 597 1674 erogarent:
623 1577 844 1648 invenerunt
867 1576 903 1648 in
926 1587 1026 1649 tanta
1043 1570 1253 1648 necessitate
1273 1591 1362 1644 con·

218 1707 221 1713 ·
293 1675 430 1770 silium,
460 1691 507 1763 ,ut
527 1699 547 1748 a
568 1674 755 1768 Syivestro
776 1673 922 1746 Comite
939 1689 1111 1749 armatum
1127 1673 1277 1749 militem
1296 1691 1362 1765 po·

293 1774 487 1850 stolarent:
518 1796 595 1848 non
612 1794 678 1867 per
696 1789 800 1863 quem
819 1774 922 1844 alicui
941 1777 1014 1845 vim
1032 1774 1212 1861 facerent,
1245 1771 1304 1848 sed
1321 1786 1363 1848 ut

294 1879 395 1963 uim,
414 1875 601 1946 aDonato
619 1871 936 1966 supramemorato
950 1867 1132 1967 Episcopo
1146 1873 1363 1969 dispositam,¹

293 1973 547 2066 prohiberent.
598 1972 677 2046 Hac
693 1975 835 2045 ratione
851 1969 980 2044 sactum
994 1971 1066 2064 est,
1092 1987 1134 2046 ut
1147 1976 1247 2048 miles
1263 1975 1362 2047 vide·

292 2085 398 2143 retur
415 2086 580 2146 armatus.
614 2069 691 2165 Jam
709 2071 880 2162 quidquid
891 2069 1117 2156 subsecutum
1133 2072 1205 2167 est,
1223 2074 1362 2168 videte,

295 2170 356 2262 cui
378 2168 510 2243 debeat
534 2189 578 2243 ac
594 2169 700 2264 poffit
720 2167 856 2245 ascribi.
907 2167 1092 2245 Furebant
1115 2175 1189 2248 illic
1207 2189 1363 2247 vocato-

294 2289 375 2345 rum
393 2267 535 2344 infinita
550 2271 660 2345 miliia
678 2273 917 2365 populorumr
951 2291 1020 2364 pro
1045 2273 1172 2363 quibus
1192 2272 1225 2345 &
1249 2294 1364 2346 anno·

293 2389 377 2444 nam
398 2385 671 2463 competentem
686 2368 829 2444 constat
848 2369 950 2444 fuisse
968 2387 1215 2466 preparatam:
1243 2373 1287 2444 de
1298 2371 1365 2444 Ba·

233 2525 236 2535 .
294 2467 392 2546 silica
415 2470 510 2562 quast
531 2471 676 2563 publica
694 2470 858 2544 fecerant
885 2473 1037 2546 horrea:
1072 2471 1301 2564 experientes
1322 2485 1365 2546 ut

294 2573 499 2659 venirent,
531 2573 570 2642 in
599 2590 693 2662 quos
717 2570 880 2642 furorem
904 2571 1001 2643 suum
1028 2591 1199 2643 exercere
1230 2569 1365 2660 potuis·

234 2667 240 2676 ’
294 2665 393 2744 sent:
420 2667 631 2743 &facerent
648 2669 819 2760 quidquid
835 2671 904 2739 illis
924 2670 1100 2740 dementia
1117 2666 1175 2741 sna
1191 2667 1370 2763 distasset,

293 2767 360 2842 nisi
377 2767 562 2863 presentia
575 2769 697 2841 armati
711 2768 833 2839 militis
848 2765 1046 2842 obstitisset.
1072 2767 1111 2839 N
1114 2791 1167 2842 am
1183 2790 1263 2842 cum
1278 2783 1366 2844 'ante

294 2881 476 2941 venturos
494 2870 647 2958 milites,
666 2880 863 2940 metatores
880 2863 942 2962 (ut
958 2863 1034 2938 fieri
1050 2866 1161 2965 solet)
1179 2871 1368 2943 mitteren-

294 2980 379 3058 tur,
407 2983 535 3040 contra
552 2965 721 3059 Apostoli
743 2982 924 3057 praecepta
943 2981 1193 3060 competenter
1213 2967 1365 3062 suscepti

294 3068 493 3159 ueniunt,
521 3070 579 3159 qui
597 3069 665 3138 ait:
694 3069 754 3137 Cui
769 3066 938 3160 honorem,
957 3067 1125 3140 honorem:
1150 3074 1201 3140 cui
1215 3068 1364 3164 vessigul,

294 3167 448 3262 vestigas,
465 3174 518 3238 rui
530 3169 706 3247 triburum,
726 3165 892 3240 tributum.
931 3171 1068 3238 Nemini
1079 3172 1247 3268 quidquam
1260 3172 1365 3241 debue-

197 3341 201 3352 ,
296 3273 388 3341 ritis.
440 3264 590 3340 Contusi
611 3265 712 3356 sunt,
739 3269 799 3357 qui
819 3267 903 3340 miffi
920 3266 1063 3340 fuerant
1080 3289 1160 3342 cum
1180 3271 1278 3360 equis
1296 3271 1365 3343 suis

296 3368 439 3458 abiis,
476 3387 629 3455 quorum
658 3368 806 3439 nomina
832 3365 978 3438 flabello
1003 3368 1148 3439 inviuae
1174 3369 1365 3444 ventilasti.

281 3467 361 3560 'ipsi
379 3464 531 3561 magistri
549 3463 693 3538 socrant
710 3467 846 3558 injuriae
859 3464 943 3538 strae:
972 3465 1104 3558 &quid
1120 3470 1193 3560 pati
1210 3467 1367 3559 possent,

297 3565 363 3659 ipsi
381 3565 589 3660 prorogatis
609 3565 743 3654 injuriis
762 3565 980 3638 docuerunt.
1031 3561 1179 3639 Reversr
1203 3567 1283 3638 sunt
1303 3589 1367 3640 ve·

296 3668 374 3740 xati
395 3666 525 3740 milites
546 3663 588 3736 ad
610 3683 779 3736 numeros
801 3662 908 3753 suos,
941 3661 974 3734 ἀ
996 3665 1093 3752 quod
1112 3665 1186 3737 duo
1210 3667 1366 3743 veltres

298 3764 384 3860 paffi
398 3765 561 3854 fuerant,
578 3762 735 3836 universi
749 3763 963 3836 doluerunt·
999 3761 1183 3837 Commoti
1198 3762 1277 3850 sunt
1292 3787 1369 3852 om·

299 3885 388 3941 nes:
411 3867 525 3936 iratos
544 3863 674 3935 milites
694 3866 852 3935 retinere
873 3883 942 3935 nec
962 3883 1087 3938 eorum
1110 3866 1289 3960 prepositi
1305 3889 1368 3943 va·

303 3951 461 4052 luerunt.
505 3962 566 4043 sic
583 3959 842 4054 inmitiumest,
861 3982 926 4054 per
938 3962 1221 4054 quod'inviditm
1239 3968 1372 4042 unitati

321 4109 324 4114 ·
762 4061 924 4155 ''³05-
1031 4064 1327 4150 ···-··,.··'sa&.ttu
