3200 4784
506 391 660 462 ,224
1028 359 1666 442 Monumaurn
1716 367 2116 466 Vna-Ena

508 533 915 620 Martyrum
956 528 1256 619 proemio
1300 530 1744 644 muneravit,
1797 551 1979 618 quos
2027 509 2190 602 tota
2231 529 2657 606 devotione

509 631 663 724 pati.
684 625 986 700 volmss'e
1018 625 1429 741 prospexit,
1468 630 1768 717 quinon
1805 613 2248 721 sanguinem,
2283 627 2396 701 sed
2425 628 2656 706 fidem

513 729 955 801 credentium
1006 728 1274 818 quaerit.
1376 726 1610 800 Illum·
1635 745 1870 800 autem
1924 727 2266 823 sanguinis
2318 723 2652 804 omnium

510 825 795 902 necesse
842 825 940 897 est
984 826 1211 898 teneri
1255 845 1495 916 reum,
1552 847 1760 918 quem
1800 843 2030 899 totam
2071 825 2653 904 interficiendam

511 926 776 1001 locasse
814 927 1095 1018 plebem
1130 947 1280 997 non
1319 924 1419 998 est
1462 929 1834 998 incertum.

671 1047 780 1100 10.
844 1027 1109 1098 Adhuc
1160 1041 1395 1098 autem
1446 1023 1646 1115 quod
1704 1027 2077 1098 dementiae
2127 1027 2416 1116 maJ'oris
2471 993 2650 1120 fuit,

515 1103 728 1199 etiam
758 1122 921 1219 post
961 1135 1101 1198 tam
1133 1123 1477 1197 nefarium
1509 1122 1766 1197 factum
1791 1128 2086 1198 eandem
2113 1127 2460 1198 basilicam
2486 1126 2654 1220 pos-

512 1225 867 1300 sidendam
908 1214 1266 1296 homicida
1298 1225 1614 1316 putavit,
1649 1225 1829 1315 quasi
1868 1247 2110 1297 amore
2147 1227 2288 1297 loci
2325 1224 2654 1300 succum-

511 1326 740 1400 beret.
856 1321 1113 1394 Caeteri
1164 1326 1285 1412 qui
1342 1322 1719 1396 evaserunt
1780 1324 2150 1397 Christiani
2188 1377 2211 1413 ‚
2295 1346 2334 1396 a
2375 1328 2652 1440 ‘quibus

511 1425 809 1496 videbat
842 1423 1065 1497 vitam
1108 1422 1319 1515 ipsam
1362 1423 1571 1496 seculi
1619 1423 1979 1514 praesentis
2021 1425 2433 1514 contemni,
2501 1427 2680 1497 inis·

512 1526 783 1615 opinor
819 1522 887 1595 se
917 1524 1341 1613 placiturum
1382 1526 1664 1612 putavit
1699 1522 1856 1614 post
1884 1522 2227 1618 sanguinis
2264 1525 2651 1610 maculam,

476 1616 821 1714 'quorum
874 1619 1281 1714 sanguinem
1335 1623 1732 1713 appetivit,
1805 1622 1967 1715 post
2007 1623 2447 1712 ‘lfraditionis
2501 1626 2652 1696 rui·

510 1744 717 1811 nam,
786 1739 967 1810 quos
1018 1721 1183 1792 ideo
1232 1719 1826 1813 persequebatur,
1899 1724 2058 1812 quia
2109 1723 2647 1794 communionis

515 1825 667 1912 ejus
720 1819 1133 1914 contagium'
1180 1819 1684 1912 declinabant,
1757 1821 1941 1914 ipsos
1978 1825 2647 1895 communicaturos

510 1921 637 1995 fibi
689 1919 849 2012 post
899 1934 1388 2012 perpetratum
1443 1922 1908 1995 homicidium
1957 1923 2445 2011 promittebat.
2570 1921 2645 1993 O

510 2019 990 2113 imprudentia
1024 2022 1325 2090 vanitati
1355 2021 1871 2112 dementiaeque
1898 2044 2023 2112 per
2033 2022 2285 2092 mixta!
2342 2042 2478 2111 qua
2509 2007 2647 2093 ob-

513 2134 821 2192 caecatus
873 2122 1061 2190 latro
1119 2119 1576 2210 deterrimus,
1643 2120 1714 2190 id
1766 2120 2131 2194 consilium
2186 2120 2645 2195 statuendum

509 2234 853 2314 putaret,
926 2238 1072 2310 quo
1126 2216 1288 2292 sane
1337 2219 1478 2311 ipsa
1523 2219 2008 2312 dispofitione
2031 2217 2303 2292 nescius
2345 2220 2645 2311 impedi·

508 2336 797 2392 retur..

671 2440 779 2491 11.
836 2418 988 2511 Jam
1036 2416 1456 2488 violentiam
1501 2416 1707 2507 ipsius
1754 2387 2128 2509 potestatis
2173 2432 2335 2489 ante
2377 2417 2644 2489 oculos

510 2518 1062 2613 proponendam
1108 2516 1305 2605 quod
1350 2529 1523 2586 tunc
1566 2515 1787 2590 visum
1829 2518 1974 2607 est,
2029 2535 2218 2588 nunc
2256 2518 2491 2587 animo
2533 2538 2647 2588 re-

509 2619 985 2690 volvendum.
1092 2613 1271 2689 Cum
1309 2613 1449 2686 Dei
1486 2613 1835 2689 Sacerdos
1872 2632 2035 2689 ante
2074 2638 2260 2688 aram
2297 2612 2462 2686 sacri
2505 2637 2642 2687 no-

510 2720 719 2793 minis
774 2715 1247 2805 maftaretur‚
1318 2736 1479 2788 cum
1532 2718 2087 2789 catechumenus
2147 2737 2322 2806 puer
2383 2736 2639 2806 expers
