3200 4784
521 401 619 493 64
698 393 705 400 ’
1244 384 1626 462 opu-n
1691 361 1934 462 Arni

520 557 773 634 flatum
822 547 949 626 est.
1068 545 1189 620 Ab
1242 547 1587 640 operariis
1637 549 1932 620 unitatis
1985 548 2355 640 querimini
2401 550 2676 626 nescio·

522 677 680 750 quae
720 649 859 725 effe
902 644 1281 746 commissa.
1398 648 1569 720 Hoc
1615 667 1766 719 non
1821 653 2142 738 queritur
2188 651 2426 741 ltalia,
2491 673 2652 726 non

522 755 799 841 Gallia,
864 769 1017 821 non
1063 746 1440 838 Hispania,
1494 767 1648 819 non
1689 745 2094 834 Pannonia,
2150 769 2302 822 non
2347 749 2650 838 Galatia,

516 875 675 933 non
714 850 1029 938 Graecia,
1062 866 1217 920 non
1256 867 1415 918 cum
1449 859 1569 917 tot
1606 848 2000 937 provinciis
2037 847 2170 920 suis
2205 848 2387 922 Afia.
2459 852 2651 946 Quia

517 955 697 1031 nihil
732 952 875 1022 illic
910 949 1145 1022 fuerat
1178 946 1742 1035 emendandum,
1794 949 2029 1018 nullus
2071 950 2240 1019 illuc
2278 947 2516 1022 missus
2551 949 2652 1022 est

518 1158 641 1229 luc
676 1145 1052 1224 miffus”est
1078 1142 1203 1238 (ut
1228 1146 1325 1216 ita
1358 1142 1702 1240 dixerim)
1730 1142 1991 1229 sartor,
2047 1147 2113 1220 &
2139 1147 2257 1220 hic
2289 1149 2364 1218 in
2399 1147 2656 1224 Africa

510 1257 656 1348 ‘jam'
700 1247 961 1322 dudum
1002 1246 1280 1338 populo
1314 1244 1386 1316 in
1420 1245 1698 1316 unitate
1731 1258 2112 1338 manente,
2165 1244 2380 1320 vestis
2415 1245 2656 1322 fuerat

516 1353 721 1428 sana:
788 1348 1037 1420 aemula
1086 1364 1301 1418 manu
1350 1344 1618 1416 inimici
1673 1340 1934 1416 disciss'a
1984 1344 2110 1418 est.
2229 1343 2653 1420 Pendebant

518 1445 1057 1546 quodammodo
1100 1443 1314 1537 panni
1352 1444 1442 1516 de
1478 1464 1620 1515 una
1652 1441 1869 1516 vestis
1902 1446 2220 1540 origine,
2273 1443 2340 1520 ἀ
2381 1445 2472 1522 de
2509 1467 2652 1520 una

514 1555 757 1628 radice
802 1547 1181 1619 venientes
1236 1544 1324 1616 ab
1378 1544 1692 1617 invicem
1746 1543 1946 1618 divisi
2002 1543 2164 1618 sunt
2215 1546 2416 1619 rami.
2535 1543 2649 1618 Ut

519 1651 690 1746 quid
721 1648 789 1720 se
816 1665 977 1740 pars
1006 1645 1190 1734 parti
1214 1639 1646 1734 anteponit?
1695 1639 1806 1714 Ut
1837 1643 2004 1735 quid
2023 1640 2091 1716 se
2126 1643 2326 1737 supra
2349 1647 2646 1726 alterum

514 1768 829 1847 pannum
860 1747 1358 1835 alta-'pannus
1388 1742 1719 1831 extollit,
1779 1762 1938 1816 eum
1970 1745 2340 1818 meliorem
2375 1741 2444 1818 se
2479 1765 2646 1837 pro-

442 1925 447 1936 ,
516 1854 692 1926 bare
738 1867 891 1919 non
934 1839 1262 1936 poterit?
1334 1841 1533 1941 Quid
1583 1847 1828 1932 enim,
1889 1839 1940 1916 fi
1991 1844 2183 1916 dicat
2235 1857 2646 1920 contemtus

516 1969 831 2047 pannus:
884 1947 1063 2038 Quid
1102 1959 1163 2012 te
1198 1958 1459 2012 tantum
1482 1936 1779 2013 extollis?
1831 1944 1914 2014 In
1943 1967 2056 2014 ove
2074 1933 2256 2039 pare's
2289 1951 2648 2016 crevimus.-

518 2061 599 2122 c'n
640 2049 923 2120 manibus
961 2044 1425 2132 conficientium
1453 2041 1633 2133 fimul
1659 2038 1959 2136 fuimus?
2007 2047 2174 2138 apud
2205 2043 2490 2130 lotorem,
2533 2064 2650 2140 pa-

518 2155 684 2225 riter
718 2148 1012 2218 mundari
1035 2137 1302 2230 sumus?
1356 2144 1664 2212 Inimicus
1698 2166 1812 2211 nos
1845 2143 2052 2214 voluit
2077 2145 2156 2214 ab
2183 2147 2454 2212 invicem
2481 2143 2648 2230 scin-

512 2255 676 2324 dere.
778 2244 1207 2333 Adversarius
1226 2241 1723 2336 pulcritudinem
1747 2242 1876 2336 nost
1886 2267 2017 2312 ram
2043 2245 2251 2314 voluit
2271 2241 2546 2334 deforma
2556 2269 2643 2318 re.

520 2356 603 2427 In
627 2363 813 2446 parte
840 2345 1023 2441 vestis
1051 2343 1253 2413 adhuc
1284 2365 1480 2412 unum
1495 2343 1751 2431 sumus,
1787 2341 1882 2420 [ed
1915 2349 1988 2412 in
2021 2344 2266 2430 diverfiz
2289 2344 2641 2436 pendemus.

516 2449 743 2552 Quod
784 2447 973 2519 enirn
1013 2439 1285 2516 sciss‘um
1324 2440 1427 2515 est
1452 2489 1474 2528 ,
1546 2463 1636 2514 ex
1683 2457 1890 2532 parte
1937 2442 2236 2514 divisum
2277 2441 2377 2514 est
2407 2495 2432 2532 ,
2489 2463 2646 2516 non

390 2541 412 2554 ’“
508 2573 607 2626 ex
661 2561 873 2622 toto:
948 2564 1113 2616 cum
1164 2539 1451 2614 constet
1500 2544 1820 2630 meritc,
1906 2545 2070 2632 quia
2109 2543 2319 2614 nobis
2383 2541 2448 2612 δι
2511 2563 2644 2614 νο.

509 2654 620 2724 bis
664 2642 1148 2720 Ecclessastica
1198 2663 1339 2718 una
1378 2639 1481 2714 est
1520 2639 2024 2716 conversatio:
2085 2639 2153 2712 &
2184 2639 2228 2712 fi
2263 2642 2641 2714 hominum

510 2755 790 2823 liti‘ant
874 2759 1154 2819 mentes
1182 2795 1210 2831 ς
1297 2763 1450 2815 non
1529 2743 1811 2837 litigant
1883 2738 2351 2830 Sacramenta.
2495 2737 2635 2811 De-
