3200 4784
550 425 651 512 9*
1276 398 1663 478 Onna-1
1728 400 1972 480 Ant

548 586 745 646 mum
794 561 1095 655 mulier,
1162 561 1445 635 invenit
1488 563 1798 654 puellam
1849 566 2096 642 vivam
2127 620 2156 662 ‚
2229 587 2437 661 quam
2489 570 2688 648 dimi-

550 668 735 744 serat
769 675 1147 740 mortuam.
1270 660 1449 735 Non
1495 661 1640 735 ruit
1689 663 1763 735 in
1808 660 2090 757 oscula,
2144 685 2298 740 non
2340 690 2689 763 propera-

547 773 663 840 vit
702 768 776 839 in
801 763 1201 856 amplexus,
1256 760 1373 832 sed
1404 761 1589 834 redit
1623 774 1705 834 ut
1735 761 2074 838 salvatori
2109 769 2368 862 gratias
2411 785 2680 864 ageret.

541 863 645 942 Et
683 882 762 938 ut
799 861 1210 937 ostenderet
1233 858 1426 932 'filius
1455 860 1641 952 Dei,
1675 859 1744 935 se
1783 862 2089 963 vacass'e,
2130 864 2343 940 fidem
2375 883 2682 946 tantum-

544 967 775 1042 modo
824 975 1195 1056 operatam
1243 957 1421 1033 ess'e:
1507 964 1712 1058 Vade,
1781 963 2054 1054 inquit,
2117 969 2341 1036 mulier
2385 974 2475 1037 im
2512 992 2682 1065 pace,

528 1070 693 1160 fides
747 1082 860 1133 rua
906 1064 977 1133 de
1009 1061 1328 1150 salva-vit.
1427 1057 1573 1133 Ubi
1621 1059 1722 1133 est
1750 1062 1954 1153 ‘quod
1988 1063 2204 1148 dicis:
2279 1071 2530 1139 Dantis
2576 1071 2678 1165 est,

532 1190 678 1236 mun
720 1154 1135 1251 accipian-ter?
1212 1159 1406 1257 Quid
1464 1163 1682 1232 Vobis
1739 1152 2028 1236 'videtur
2083 1164 2150 1239 &
2211 1163 2680 1244 centurionis

541 1262 775 1340 fides?
832 1263 1032 1352 cujus
1080 1281 1255 1354 puer
1292 1279 1453 1330 cum
1490 1261 1673 1332 male
1702 1259 2044 1352 haberet,
2097 1261 2525 1342 salvatorem
2557 1292 2684 1360 pe·

540 1369 707 1453 tiit,
762 1377 857 1434 ut·
880 1364 965 1434 ab
998 1381 1093 1432 eo
1129 1372 1435 1432 mortem
1475 1361 1882 1450 repelleret.
1983 1362 2135 1454 Jam
2173 1361 2487 1440 Christus
2517 1390 2678 1460 per-

538 1481 833 1540 euntem
870 1461 1213 1532 veniebat
1244 1458 1328 1528 ad
1360 1477 1686 1549 puerum,
1715 1458 1807 1530 fic
1841 1480 2002 1532 eum
2024 1459 2374 1538 Centurio
2408 1469 2671 1563 tenuit,

531 1579 622 1639 nt
651 1561 1143 1655 indignitatem
1173 1556 1339 1628 tecti
1375 1555 1475 1628 sui
1514 1556 1872 1630 confess'us
1893 1611 1913 1644 ‚
1952 1564 2146 1652 quod
2177 1558 2359 1636 filius
2382 1563 2525 1638 Dei
2561 1585 2678 1642 to·

538 1679 655 1736 tus
700 1681 851 1734 non
898 1661 1198 1730 deberet
1234 1659 1539 1748 intrare,
1592 1654 1708 1729 sed
1757 1656 1942 1732 suam
1980 1661 2318 1736 virtutem
2355 1667 2670 1760 mittere,

540 1785 679 1854 qua
726 1778 903 1854 puer
938 1755 1178 1852 fugata
1210 1772 1490 1847 morte,
1542 1755 1982 1830 reviviscere
2023 1762 2385 1852 potuiss'et.
2488 1765 2672 1841 Non

535 1859 901 1938 fortitudo
923 1857 1432 1947 Centurioni8‚
1477 1876 1631 1928 non
1669 1853 2008 1950 sapientia
2044 1863 2325 1934 laudata
2355 1862 2498 1956 est,
2553 1863 2674 1939 sed

515 1960 753 2036 fides:
811 1960 903 2030 Et
932 1972 1197 2026 curatus
1224 1955 1301 2052 ofi
1332 1976 1483 2049 puer
1516 1963 1588 2026 in
1617 1957 1730 2026 ella
1756 1962 1936 2032 hora.
2022 1957 2235 2032 Certe
2269 1964 2497 2034 dantis
2537 1963 2669 2058 est,

520 2084 689 2136 ⁴non
746 2059 1183 2156 accipientis.
1291 2055 1528 2128 Multa
1577 2051 1738 2128 sunt
1783 2058 2186 2148 hujusmodi
2225 2061 2300 2135 in
2342 2059 2670 2157 Evange-

513 2163 639 2235 lio
670 2162 757 2234 de
785 2155 927 2231 fide
961 2153 1307 2250 perfecta:
1360 2152 1475 2227 sed
1514 2158 1632 2227 vel
1670 2156 1804 2228 tria
1843 2160 2270 2248 complenda
2305 2159 2464 2233 sunt
2495 2158 2669 2237 fidei

519 2259 964 2334 testimonia.
1064 2256 1259 2354 Quid
1305 2255 1523 2327 vobis
1560 2253 1850 2327 videtur
1891 2257 1958 2327 &
1997 2259 2115 2330 illa
2156 2259 2452 2343 mulier,
2505 2283 2667 2350 (Γπ

511 2360 624 2434 ·de
668 2362 949 2432 secreto
1007 2354 1226 2428 causae
1266 2354 1708 2429 foeminarum
1775 2375 1935 2428 cum
1999 2377 2126 2450 per
2184 2379 2416 2432 annos
2483 2363 2666 2431 duo-

530 2461 763 2533 decim
828 2459 1246 2544 laboraret,
1325 2456 1393 2528 &
1458 2474 1746 2527 omnem
1818 2453 2263 2530 substantiam
2335 2457 2522 2532 suam
2591 2461 2668 2534 in

511 2559 855 2636 ,medicos
910 2552 1301 2651 erogasset:
1386 2574 1543 2626 cum
1601 2553 1886 2625 videret
1940 2576 1978 2626 a
2031 2551 2184 2629 filio
2232 2557 2376 2630 Dei
2428 2571 2664 2632 tantas

526 2659 879 2732 celebrari
928 2658 1290 2744 virtuter,
1362 2651 1700 2746 proceffit
1741 2655 1814 2725 in
1862 2657 2188 2747 turbam,
2256 2656 2459 2728 videt
2516 2679 2663 2733 me·
2725 2738 2730 2744 ,

526 2760 762 2831 dicum
914 2756 1118 2827 videt
1178 2753 1246 2827 &-
1362 2775 1406 2823 0
1466 2755 1707 2823 ulum:
1791 2775 1879 2823 cn
1935 2758 2096 2827 ebat
2159 2753 2351 2831 illam
2415 2754 2659 2839 dolon
