3200 4784
274 429 348 521 50⁶
526 368 858 497 pronuncias
882 418 1092 501 Vacuus

243 612 247 635 ·
278 589 445 663 &nerim
465 582 630 681 Episcopus
652 586 761 651 dixit:
795 584 921 677 Quam·
935 584 1123 674 publicare
1146 578 1344 657 detrectant

276 685 478 783 prouinciis
499 682 629 755 nostris
648 683 751 753 acciti
769 678 999 771 conflidlum,
1026 702 1135 770 quein
1156 682 1196 754 se
1216 702 1345 775 propo·

276 806 364 861 nere
391 785 630 875 pollicentur,
664 781 829 875 refugere
848 800 916 854 nos
940 801 1016 852 non
1042 782 1180 854 debere
1200 786 1345 855 omnino

275 882 503 981 profitemur.
530 881 640 972 lgitur
654 886 823 971 quoniam
836 880 922 953 nihil
936 882 980 951 de
993 900 1050 966 re,
1064 880 1156 952 nihil
1172 880 1344 972 decania,

275 985 364 1060 nibil
382 984 426 1053 de
440 979 591 1074 persona
608 978 720 1051 attium
738 978 807 1067 est,
834 999 914 1052 cum
932 980 1095 1073 primitus
1110 982 1206 1051 illud
1221 982 1347 1053 debeat

276 1083 465 1169 ventilari,
492 1094 611 1151 utrum
628 1082 823 1171 petierint,
844 1099 924 1181 'per
942 1099 1035 1168 quos
1058 1081 1266 1171 petierint,
1295 1081 1349 1153 vel

277 1182 362 1275 quid
379 1180 570 1272 petierint,
589 1198 696 1268 quare
712 1179 746 1250 id
762 1180 905 1267 sileant,
924 1199 1032 1268 quare
1049 1199 1127 1251 non
1142 1183 1349 1272 publicent,

276 1284 438 1355 advertit
462 1279 653 1350 sublimitas
685 1295 756 1353 tua.
814 1279 850 1350 Si
875 1278 1106 1349 concordant
1132 1280 1349 1371 petitiones,

276 1383 411 1457 debent
423 1382 458 1450 in
470 1380 607 1469 judicio
625 1379 802 1451 ventilari.
836 1378 872 1449 Si
888 1392 1052 1451 neutrum
1067 1381 1235 1469 volunt,
1252 1382 1350 1453 unius

276 1482 414 1554 debent
435 1478 555 1550 facere
581 1477 779 1551 cessionem.
830 1477 867 1548 Si
887 1477 930 1548 ad
948 1478 1075 1569 prioris
1099 1480 1270 1551 mandati
1290 1500 1351 1552 vo·

275 1584 360 1657 lunt
377 1600 445 1651 iios
469 1593 593 1649 tenere
611 1575 840 1657 consensum,
866 1596 942 1649 non
959 1596 1130 1670 negamus
1152 1576 1351 1652 secundum

275 1680 462 1771 Imperiale
480 1690 694 1767 preceptum
710 1673 825 1746 adesse
839 1696 908 1747 nos
922 1675 1192 1749 conflictationi
1209 1679 1349 1767 debere.

276 1781 313 1851 si
337 1794 453 1850 autem
470 1776 662 1849 secundum
682 1774 834 1867 praesens
851 1776 1054 1849 mandatum
1072 1778 1220 1850 volunt
1239 1800 1351 1875 agere,

277 1877 414 1950 debent
435 1877 678 1965 cognitionem
700 1876 858 1967 ejusdem
880 1895 1026 1967 quoque
1045 1876 1121 1964 rei,
1149 1877 1353 1970 profitean-

275 1990 336 2049 tur
357 1974 677 2065 adstipulationem.
728 1975 763 2046 si
781 1976 945 2046 dubitant
960 1994 1199 2068 proponere,
1226 1992 1272 2049 ut
1288 1996 1351 2051 nor

278 2075 489 2149 eorumdem
507 2074 814 2167 propositionibus
831 2072 1049 2167 respondere
1065 2072 1284 2168 valeamus,
1305 2078 1351 2148 vi·

278 2176 361 2248 deat
377 2173 573 2265 prestantia
588 2189 661 2261 tua,
677 2193 752 2244 non
770 2192 790 2244 e
804 2173 934 2245 nostris
951 2174 1110 2266 partibus
1126 2174 1247 2269 nasci,
1268 2197 1352 2269 quo·

275 2276 392 2350 minus
412 2275 599 2366 negotium
622 2274 843 2359 ventiletur3
881 2275 1013 2366 quippe
1038 2293 1120 2347 cum
1140 2261 1216 2346 fiae
1241 2296 1352 2372 agoge

277 2375 396 2448 &liae
418 2371 684 2464 quodammodo
702 2371 808 2461 janua
832 2372 874 2442 ad
894 2374 1030 2466 negotii
1048 2373 1182 2446 merita
1210 2374 1352 2449 descen·

278 2475 432 2546 desidum
459 2475 519 2563 sit,
547 2472 712 2565 intelligit
731 2471 927 2564 praestantia
948 2487 1029 2560 tna,
1056 2474 1117 2542 vel
1134 2493 1279 2569 negare
1298 2475 1350 2546 sal·

275 2589 349 2647 tem
374 2594 463 2660 eos,
498 2575 558 2642 vel
579 2573 755 2661 reticere,
788 2574 850 2642 vel
871 2584 1105 2643 contemnere
1124 2574 1350 2664 respondere

275 2673 584 2766 propositionibus
605 2672 752 2742 nostris:
780 2685 821 2741 ut
844 2693 923 2743 cum
946 2673 1022 2741 tiae
1045 2671 1277 2765 adverteris,
1301 2677 1350 2767 ju·

277 2773 396 2842 dicare
423 2772 587 2863 digneris.
632 2773 678 2839 Er
698 2772 763 2838 alia
786 2797 893 2839 manu.
937 2768 1115 2842 Emeritos
1142 2770 1348 2870 Episcopus

275 2869 377 2944 salvo
397 2869 527 2941 effestu
545 2870 792 2961 appellationis
814 2871 943 2941 nostrae
960 2872 1180 2964 recognovi.
1356 2890 1359 2896 ·

353 2995 408 3065 86.
439 2993 644 3059 Marcellinus
666 2995 721 3058 vir
738 2986 920 3081 clorffmur
944 2987 1167 3064 Tribunus&
1184 2994 1349 3062 Notarius

275 3088 380 3158 dixit:
418 3090 514 3182 Quid
537 3091 727 3181 petierint,
764 3092 824 3160 vel
847 3089 929 3179 quid
953 3092 1198 3179 pertulerint,
1236 3092 1349 3181 inqui·

268 3208 357 3258 rere
380 3207 435 3258 me
460 3188 593 3258 debere
615 3211 689 3260 non
708 3189 800 3279 jusit
822 3189 1103 3262 clementiffimus
1127 3190 1346 3283 Imperator.

277 3288 400 3378 Quare
420 3303 535 3358 etitem
562 3290 673 3375 petita
699 3291 848 3358 collatio
869 3289 927 3371 sit,
962 3288 1172 3379 apertillime
1197 3289 1346 3362 demon·

275 3385 420 3458 stratum
441 3385 510 3474 est,
538 3388 571 3455 id
591 3386 660 3475 est,
689 3403 728 3456 ut
748 3386 1031 3478 superstitionem
1048 3389 1142 3458 ratio
1159 3389 1347 3462 manifesta

276 3483 455 3558 constitet.
508 3486 592 3556 Hoc
612 3488 720 3559 bodie
741 3487 817 3557 sieri
837 3486 934 3580 posse
952 3509 1025 3558 non
1043 3487 1191 3559 dubium
1210 3487 1286 3574 est3
1313 3489 1346 3561 st·

277 3588 419 3672 quidem
445 3584 595 3654 delestis
628 3586 669 3653 ab
700 3600 850 3676 utraque
877 3603 978 3677 parte
1007 3584 1178 3678 personas
1208 3608 1348 3660 conve·

274 3681 360 3754 nisse
377 3682 544 3795 agnosco.
572 3682 680 3753 Unde
690 3686 781 3778 jain,
804 3687 892 3759 siout
908 3685 1028 3779 saepius
1045 3685 1244 3760 interfatus
1259 3687 1345 3781 sum,

273 3796 460 3874 negotium
478 3798 713 3873 proponatur.

352 3910 409 3989 87.
440 3902 602 3972 Emeritos
623 3904 785 3997 Episopus
813 3902 915 3975 dixit:
949 3900 1154 3993 Petierunt,
1184 3915 1349 3979 autnon

272 3998 470 4093 petierunt.
522 4001 557 4073 Si
578 4005 781 4097 petierunt,
809 4002 932 4077 dicant
952 4023 1016 4097 per
1034 4019 1146 4095 quos,
1179 4004 1350 4119 velquid

1178 4116 1303 4197 petie·
