3200 4784
505 445 647 520 152
971 407 1648 502 ‘Mo-nnuman
1709 422 2121 504 varena

516 588 945 677 auxiliante,
991 585 1065 664 in
1100 583 1424 658 Victoria
1466 583 1852 684 congrell'ae
1894 585 2097 674 sunt,
2148 585 2214 659 &
2242 598 2644 666 coronatae.

517 685 807 766 Etenim
852 682 1177 761 Victoria
1222 681 1619 757 sanciiffima
1667 684 2147 775 foeminarum‚
2215 686 2354 758 flos
2415 689 2646 783 virgi-

518 809 689 864 nurn
716 840 741 876 ,
808 783 1024 860 decus
1068 784 1129 854 ἃ
1171 783 1469 877 dignitas
1506 781 2064 875 confess'orum‚.
2101 784 2398 858 honesta
2445 801 2645 858 nata-

519 889 730 971 libus,
764 885 1107 977 religione
1128 879 1562 968 sanctinum,
1594 884 1908 956 moribus
1945 897 2362 978 temperata,
2389 887 2478 958 in
2503 905 2646 975 qua

520 999 789 1060 naturae
828 986 1095 1058 bonurn
1134 983 1427 1056 candida
1458 983 1794 1078 pudicitia
1827 985 2219 1074 relucebat,
2257 981 2644 1076 responde·

521 1084 789 1176 batque
822 1081 1331 1175 pulchritudini
1356 1081 1685 1172 corporis
1709 1078 1884 1156 fides
1905 1083 2270 1174 pulchrior
2291 1085 2546 1158 mentis
2573 1083 2647 1157 δε

524 1183 890 1276 integritas
924 1178 1341 1269 sanctitatis,
1396 1181 1479 1252 ad
1515 1179 1883 1253 secundam
1917 1185 2210 1276 palmam
2249 1179 2651 1256 restitutam

524 1281 595 1362 se
637 1285 709 1356 in
750 1280 1037 1358 Domini
1077 1281 1423 1370 martyrio
1468 1282 1860 1358 laetabatur.
1987 1281 2176 1354 Huic
2217 1301 2518 1371 namque
2552 1284 2648 1353 ab

526 1382 828 1458 infantia
854 1380 994 1474 jam
1036 1382 1221 1452 clara
1263 1379 1620 1471 pudicitiae
1665 1379 1850 1473 signa
1895 1378 2300 1476 fulgebant,
2349 1381 2417 1454 ἃ
2455 1380 2653 1451 rudi-

526 1483 668 1563 bus
718 1481 948 1556 adhuc
992 1481 1188 1556 anuis
1214 1532 1240 1569 ‚
1305 1481 1690 1570 apparebat
1731 1481 1922 1573 rigor
1961 1480 2352 1557 castissimus
2383 1480 2650 1556 mentis

531 1581 600 1653 &
638 1580 948 1670 quaedam
1001 1580 1297 1671 dignitas
1338 1577 1593 1650 futurae
1644 1578 1991 1669 pastionis.
2095 1581 2425 1676 Denique
2453 1578 2651 1674 post-

532 1699 739 1774 quam
776 1678 985 1769 plena
1026 1675 1415 1767 Virginitas
1467 1677 1792 1754 ultimum
1830 1682 2053 1751 aetatis
2090 1693 2366 1775 tempus
2409 1679 2655 1772 exple-

530 1780 645 1850 vit
677 1828 701 1865 ,
776 1796 937 1848 cum
984 1776 1221 1869 puella
1273 1777 1581 1868 nolens,
1649 1777 1714 1848 &
1762 1777 2107 1856 reluctans
2162 1781 2232 1854 in
2278 1778 2557 1870 nuptias
2607 1797 2654 1855 a

529 1875 944 1973 parentibus
1017 1891 1401 1970 cogeretur
1439 1928 1465 1968 ,
1539 1877 1980 1968 invitamque
2046 1877 2324 1950 tradere
2387 1874 2652 1974 sponso·

534 1975 781 2067 praedo
818 1975 1263 2069 iuggereret,
1316 1973 1603 2057 clam³se
1631 1997 1760 2066 per
1795 1999 2106 2067 praeceps
2143 1979 2377 2068 puella
2420 1977 2656 2050 dimit-

532 2075 667 2157 tit,
708 2075 1033 2161 aurisque
1069 2072 1569 2150 famulantibus
1602 2071 2048 2162 supportata,
2087 2076 2466 2146 incolumis
2498 2095 2658 2171 gre-⁸

533 2173 688 2252 mio
723 2183 929 2241 terra:
966 2168 1349 2260 suscipitur.
1449 2168 1713 2258 Neque
1745 2167 1977 2239 fuerat
2020 2166 2469 2259 postmodum
2511 2193 2658 2266 pro

538 2266 827 2347 Christo
869 2267 1186 2342 Domino
1239 2263 1557 2359 paffura,
1618 2265 1668 2340 fi
1719 2285 1849 2357 pro
1898 2264 2044 2341 sola
2085 2280 2260 2342 tunc
2311 2267 2660 2360 pudicitia

536 2384 967 2446 moreretur.
1066 2367 1403 2440 Liberata
1447 2365 1660 2458 igitur
1706 2364 2140 2458 nuptialibus
2189 2368 2431 2459 taedis,
2493 2368 2653 2442 illu-

532 2469 761 2562 soque
792 2468 986 2543 sunu}
1010 2486 1167 2539 cum
1183 2465 1603 2555 parentibus
1623 2463 1928 2558 Spons0‚
1956 2467 2185 2539 media
2211 2487 2397 2558 pene
2424 2469 2536 2544 die
2564 2469 2659 2547 de

537 2569 684 2661 ipsa
717 2569 1110 2660 nuptiarum
1147 2563 1542 2652 frequentia
1580 2565 1975 2655 prosiliens,
2018 2565 2102 2642 ad
2140 2565 2361 2640 aedem
2384 2567 2654 2657 pudici-

537 2672 663 2742 tiae
699 2682 1127 2760 portumque
1165 2663 1455 2753 pudoris
1494 2661 1877 2738 Ecclesiam
1925 2663 2187 2740 intaeta
2235 2666 2439 2760 virgo
2476 2683 2652 2735 con·

542 2761 618 2842 fu
650 2771 724 2839 rit
818 2767 910 2839 ibi
946 2783 1057 2831 ‘ue
1094 2762 1482 2835 consecrati
1521 2760 1687 2839 Det]
1727 2762 1935 2835 dicati
2247 2762 2359 2835 itis
2391 2766 2459 2831 in
2547 2783 2655 2835 er-
