3200 4784
564 382 710 466 Lanae
741 405 988 465 secuueus.
1261 411 1306 488 33

321 571 376 642 14.
392 546 444 623 Et
459 560 500 622 tu
513 547 619 643 hujus
636 553 740 622 vocis
758 551 909 640 oblitus,
926 549 969 622 ad
985 547 1156 624 invidiam
1171 545 1306 628 Catho-

241 651 320 728 licis
348 651 568 732 faciendam,
603 650 655 722 his
682 651 827 720 locutus
851 669 888 720 es
914 651 1053 722 verbis:
1087 655 1198 746 Neque
1221 661 1306 724 enim

243 753 381 844 Ecclessa
401 754 458 822 illa
475 755 538 820 diri
554 751 646 845 potest
662 773 729 846 qua
746 755 888 849 cruentis
913 749 1055 842 morsibus
1073 751 1238 842 pascitur,
1265 750 1305 828 (5

225 851 228 856 ’
236 849 425 944 sentiarum
437 848 592 942 [aligarius
607 847 643 926 (⁶5
650 841 803 918 'carnibus
816 869 982 942 opimatur.
1023 847 1130 922 Certa
1146 855 1305 937 membra

240 950 303 1026 sua
331 953 438 1024 haber
462 947 641 1039 Ecclesia,
679 942 899 1042 Episcopos,
935 945 1192 1039 Presbyteros,
1220 951 1305 1026 Dia·

240 1071 384 1143 conos,
401 1047 617 1136 ministros,
651 1047 685 1118 ἃ
710 1050 847 1120 turbam
872 1041 1039 1118 fidelium.
1100 1046 1220 1122 Dicite
1245 1053 1306 1126 cui

237 1149 365 1248 generi
382 1151 564 1223 hominnm
579 1151 615 1218 in
629 1143 784 1218 Ecclesia
800 1143 920 1217 nostra
936 1149 1007 1218 boc
1023 1143 1125 1238 poffit
1141 1145 1305 1242 adscribi,

241 1249 344 1343 quod
367 1247 528 1338 objicere
545 1243 719 1318 voluisti?
752 1243 961 1336 Specialiter
982 1249 1129 1318 nomina
1153 1247 1308 1336 aliquem

238 1345 460 1438 ministrum,
493 1344 641 1418 ostenle
664 1343 816 1430 aliquem
840 1343 1041 1416 Diaconum
1063 1348 1212 1418 nomine
1230 1342 1306 1420 suo,

235 1442 365 1522 Indica
382 1448 454 1543 boc
470 1451 513 1518 ab
533 1447 653 1536 aliquo
669 1439 798 1516 fastum
818 1439 886 1516 elle
904 1441 1136 1534 Presbytero.
1188 1441 1307 1522 Proba

235 1545 319 1620 hoc
345 1538 544 1638 Episcopus
577 1538 754 1617 admisisse.
820 1540 928 1614 Doce
961 1544 1111 1634 aliquem
1144 1541 1308 1622 nostrum

236 1647 409 1736 cuiquam
438 1643 636 1718 infidiatum
656 1639 737 1716 else.
797 1641 887 1733 Quis
915 1640 1074 1716 nostrum
1103 1663 1309 1736 quenquam

232 1741 450 1841 persecutus
470 1739 550 1813 est?
584 1759 687 1830 quem
708 1741 851 1810 anobis
872 1739 1095 1830 persecutum
1117 1739 1210 1832 else,
1244 1755 1308 1816 aut

235 1843 366 1916 dicere
385 1842 522 1930 poteris
543 1852 603 1909 aut
622 1835 799 1928 probare?
826 1836 895 1910 Sed
918 1841 997 1928 quia
1016 1843 1078 1912 ribi
1102 1841 1219 1912 unitas
1238 1843 1308 1920 dise

234 1943 380 2034 plicet:
413 1935 531 2008 horti
558 1937 691 2008 crimen
717 1950 840 2026 putas,
873 1956 978 2032 argue
1001 1958 1069 2010 nos
1085 1935 1310 2014 Tnellalonl·

235 2036 429 2124 censibus,
451 2032 664 2122 Corinthiis,
687 2031 843 2127 Galatis,
862 2035 1007 2128 Septem
1025 2033 1209 2127 Ecclesiis,
1229 2062 1308 2131 quae

236 2131 327 2210 sunt
347 2136 383 2206 in
399 2127 523 2232 Afils'
540 2129 825 2206 communicasse.
881 2132 929 2206 'Si'
942 2135 1125 2208 nesas'tibi
1148 2141 1308 2234 videtur,

241 2249 308 2306 aut
324 2230 348 2306 si
363 2247 500 2306 reatum
521 2245 624 2326 putas
641 2231 822 2306 memoriis
843 2230 1104 2324 Apostolorum
1125 2237 1157 2308 ἃ
1174 2237 1310 2311 sancto-

240 2353 324 2406 rum
349 2333 508 2404 omnium
531 2329 826 2429 communicasse:
860 2333 1025 2424 hocjnos
1052 2332 1197 2429 fecisse,
1230 2357 1310 2411 non

240 2429 358 2506 solum
378 2450 455 2503 non
472 2449 668 2526 negamus,
694 2429 752 2503 sed
770 2432 876 2504 etiam
893 2431 1097 2527 gloriamur.
1209 2441 1211 2446 '

322 2527 476 2622 15.,Sed
497 2544 538 2602 ut
562 2527 768 2622 ostendam,
794 2548 929 2623 partem
954 2531 1106 2604 vestram
1129 2528 1191 2626 (ut
1214 2531 1310 2628 dixi)

243 2630 404 2703 cruentis
432 2625 605 2702 morsibus
636 2626 790 2723 pastam,
832 2627 1111 2702 Christianorum
1144 2627 1311 2726 sanguine

245 2728 282 2802 br
301 2728 465 2802 carnibus
479 2730 696 2821 opimatam,
723 2747 743 2798 a
760 2728 944 2818 principio
957 2725 1020 2800 suo
1042 2725 1159 2800 vellet
1170 2731 1239 2819 iam
1257 2745 1312 2804 ra·
1333 2762 1335 2765 ·

243 2827 349 2902 bidus
359 2825 696 2901 commemorandus
707 2823 756 2896 est
769 2823 888 2896 furor:
902 2825 972 2915 iam
986 2825 1101 2900 vestra
1112 2831 1312 2914 retexenda

242 2924 431 3020 impietas,
455 2924 526 3014 jam
548 2922 695 2996 stultitia
718 2921 1000 3000 demonstrande.
1060 2925 1100 2998 ln
1119 2942 1192 3020 quo
1212 2931 1310 3022 prins

243 3025 299 3100 est
314 3023 517 3114 ostendere,
534 3021 807 3096 erubescendam
824 3023 980 3098 letitiam
994 3025 1161 3118 vestram,
1180 3027 1313 3124 &gau-

244 3121 306 3200 dia
324 3120 528 3213 criminosa,
557 3121 655 3214 quod
676 3123 784 3195 vobis
804 3121 936 3216 pristini
957 3126 1089 3198 erroris
1107 3127 1313 3205 libertatem

244 3221 374 3316 redilie
391 3223 620 3318 contigerit,
648 3217 1051 3316 Recensetetempora,
1078 3223 1242 3299 discutite
1258 3249 1313 3300 ra·

245 3325 387 3398 tionem
407 3342 548 3410 rerum,
575 3313 743 3394 dillimilia
767 3337 882 3411 vota,
909 3323 942 3394 bt
967 3322 1133 3414 personas
1154 3322 1313 3400 diversas

244 3421 434 3498 attendite.
495 3419 636 3493 Redeat
660 3422 696 3493 in
719 3423 926 3495 memoriam
948 3419 1203 3496 Constantinus
1227 3425 1312 3517 imp.

246 3516 486 3598 Christianus:
513 3538 617 3610 quem
642 3515 850 3600 famulatum
877 3521 1081 3592 exhibuerit
1104 3521 1206 3607 Deo,
1234 3538 1313 3611 que

244 3619 414 3697 habuerit
439 3629 555 3704 vota,
588 3631 629 3690 ut
652 3621 801 3692 remotis
822 3612 1086 3712 schismatibus,
1122 3618 1313 3694 intermor-

245 3733 312 3795 tua
337 3719 435 3792 omni
457 3709 690 3808 diffenlione,
715 3717 777 3790 sub
795 3732 880 3789 toto
901 3715 994 3789 coelo
1017 3713 1111 3789 filios
1130 3715 1211 3795 suos
1228 3736 1314 3816 gau-

246 3813 360 3905 dens,
386 3815 422 3889 in
438 3831 513 3888 uno
531 3815 673 3887 videret
693 3810 805 3917 sanita
826 3830 940 3890 mater
964 3809 1130 3891 Ecclesra.
1181 3815 1315 3893 Reddi·

248 3917 354 3994 derat
376 3932 480 4000 unam
502 3911 820 4004 communionem,
846 3915 979 3987 maritis
1006 3929 1163 4008 viores,
1189 3933 1317 4012 paren·

221 4085 224 4093 .
247 4019 348 4092 tibus
373 4011 493 4104 lilios,
525 4011 694 4089 fratribus
714 4007 859 4096 fratres.
913 4015 1054 4115 Quibus
1080 4019 1188 4094 ‘rebus
1213 4013 1316 4092 Deus

301 4109 670 4214 oprariAlrlTom.h
902 4109 937 4193 C
1244 4110 1292 4187 ie
