3200 4784
421 407 481 464 nr:
503 379 903 464 nonsummum
927 377 1214 486 Hrsro'urasr.
1280 395 1352 483 '135

217 541 219 552 '
271 537 358 626 :iol
373 545 487 624 dixit:
518 546 615 623 Date
636 541 726 624 ilios¹
743 547 816 645 igni
835 546 946 624 aduri.
988 543 1183 644 ·Januariu's
1196 543 1351 644 Presby-

277 663 366 742 ter,
399 647 619 723 Fortunatus
646 650 680 722 o
704 648 920 742 septiminus
951 645 1125 722 Lediores
1158 650 1350 726 dixerunt:

273 741 481 843 Episcopus
506 746 628 840 noster
653 748 747 842 apud
769 747 805 823 se
828 741 912 822 iilos
935 748 1056 824 habet.
1107 748 1349 847 Megullianus

273 846 438 923 Curato:
456 850 570 923 dixit:
601 846 711 922 Eritis
732 869 821 945 ergo
841 845 903 920 sub
927 845 1075 937 officio,
1109 847 1229 923 donec
1247 845 1350 923 Anu·

271 950 357 1021 lino
384 947 596 1025 Proconsuli
621 951 800 1023 rationem
825 948 992 1022 reddatis.
1055 944 1202 1020 Postera
1225 961 1347 1025 autem

273 1047 337 1120 die
348 1047 451 1122 Felix
460 1045 919 1143 EpiscopusaCarthagine
932 1045 1211 1139 venitTubyza.
1240 1047 1348 1123 Cum·

277 1165 351 1238 que
372 1148 448 1239 eius
470 1147 666 1222 adventum
687 1145 928 1244 Magnilianus
952 1145 1203 1240 comperisset,
1229 1144 1346 1224 statim

274 1267 360 1321 eum
373 1247 435 1322 libi
451 1267 515 1340 per
529 1245 688 1320 officium
707 1246 910 1338 prae'sentari
924 1244 1122 1322 constituit.
1173 1248 1349 1341 Quicum

275 1345 375 1419 diiio
404 1348 509 1420 citius
543 1343 768 1437 advenisset,
805 1346 1044 1441 Magnilianus
1070 1344 1229 1418 Curato:
1254 1345 1347 1419 dixit

274 1446 439 1521 adeum:
464 1445 526 1519 Tu
543 1467 582 1520 es
596 1446 698 1519 Felix
714 1441 915 1539 Episcopus
932 1445 1036 1536 huJus
1057 1445 1214 1517 civitatis
1225 1441 1259 1515 i·
1278 1444 1307 1517 F
1309 1467 1346 1518 e·

272 1545 325 1618 lix
339 1543 539 1640 Episcopus
553 1546 662 1620 dixit:
681 1543 774 1642 Ego.
806 1543 1048 1642 Maguilianus
1063 1543 1220 1617 Curatur
1234 1542 1342 1616 dixit:

249 1642 1341 1742 „Dalibros,velmembranasqualescunquepenestehabes.

271 1741 377 1815 Felix
398 1743 598 1837 Episcopus
618 1745 718 1816 dixit.
778 1744 932 1832 Habeo:
963 1744 1022 1816 sed
1045 1765 1125 1817 non
1145 1742 1251 1816 trado
1271 1739 1342 1818 Le·

269 1853 355 2010 gem
367 1842 519 1915 Domini
534 1845 604 1916 mei
622 1850 726 1935 quem
744 1862 813 1939 ego
830 1843 929 1916 colo.
977 1841 1216 1938 Magnilianus
1230 1842 1341 1916 dixit:

289 1938 374 2035 'rgo
390 1939 441 2013 est
450 1941 675 2034 majorDcus
685 1957 769 2017 tuus
783 1963 804 2015 a
816 1940 893 2016 Diis
908 1939 1062 2015 nostris?
1079 1941 1182 2015 Felix
1194 1938 1340 2033 Episeo·

266 2059 336 2132 pus
354 2039 461 2114 dixit:
480 2037 649 2134 Grandis,
668 2041 1000 2118 &metuendus‘est
1012 2041 1111 2116 Deus
1127 2039 1263 2132 noster,
1278 2043 1340 2132 qui

268 2137 360 2211 fecit
377 2138 560 2215 coelum&
584 2153 738 2235 terrem,
763 2161 882 2236 mare,
908 2141 949 2215 dt·
966 2144 1108 2233 omnia,
1134 2161 1212 2233 quae
1230 2141 1267 2214 in
1286 2142 1340 2215 eis

265 2234 359 2313 sunt.
414 2239 512 2314 Nam
530 2239 591 2313 Dii
610 2241 717 2316 vestri
734 2241 872 2337 lapides
887 2239 990 2334 sunt,
1024 2263 1132 2317 manu
1149 2242 1339 2315 hominum

267 2336 371 2420 faui,
399 2338 593 2433 dequibus
618 2340 878 2436 scriptumest:
911 2343 1186 2438 oculatissimis,
1213 2338 1252 2416 (5
1269 2355 1338 2410 non

266 2438 440 2509 videbunt:
473 2464 566 2513 aures
586 2441 721 2528 habent,
753 2440 794 2519 Oi
809 2466 877 2513 non
892 2444 1046 2513 audient:
1079 2466 1111 2512 os
1128 2440 1264 2526 habent,
1295 2437 1337 2515 (5

267 2560 335 2608 stou
349 2538 529 2636 loquentur.
570 2543 699 2613 Similes
713 2544 777 2611 iliis
784 2544 897 2632 fiant,
916 2547 974 2637 qui
982 2541 1117 2630 faciunt
1128 2564 1164 2609 ea
1178 2539 1216 2613 ὅ
1231 2561 1337 2642 omnes

266 2640 327 2734 qui
341 2641 503 2729 confidunt
521 2646 557 2712 in
576 2645 631 2715 eis.
684 2639 927 2734 Magnilianus
940 2638 1099 2709 Curatur
1119 2637 1227 2710 dixit:
1259 2636 1335 2709 Pri·
1372 2704 1380 2720 ,

265 2756 364 2811 mum
387 2737 439 2811 est
461 2738 560 2830 quod
578 2738 821 2831 Imperatores
840 2735 1039 2831 jusserunt,
1067 2738 1148 2827 quia
1162 2736 1249 2809 nihil
1268 2735 1335 2829 est,¹

267 2836 368 2930 quod
379 2838 551 2928 loqueris.
585 2839 822 2933 Quapropter
839 2837 939 2909 trade
952 2837 1062 2909 libros
1077 2847 1223 2924 omues,
1240 2855 1334 2927 quos

264 2933 399 3026 habes,
425 2947 467 3007 ut
484 2935 634 3029 possint,
650 2935 756 3011 ,sicut
773 2934 1009 3009 constitutum
1030 2933 1103 3029 est,
1129 2935 1202 3034 igni
1220 2935 1333 3032 aduri,

264 3032 368 3107 Felix
384 3033 585 3129 Episcopus
602 3036 713 3109 dixit:
746 3034 882 3109 Melius
900 3034 976 3130 est,¹
999 3048 1045 3108 ut
1062 3056 1196 3129 corpus
1212 3031 1334 3111 meum

217 3165 219 3170 ·
263 3134 403 3207 tradam
427 3137 524 3231 igni,
560 3156 665 3228 quam
687 3133 882 3228 Scriptura
904 3135 1095 3222 dominicae
1117 3156 1183 3228 per
1201 3155 1260 3209 me
1280 3136 1335 3210 vi·

265 3229 420 3336 deantur
438 3235 558 3308 aduri:
593 3236 674 3328 quia
693 3238 842 3330 bonurn¹
854 3232 906 3309 est
926 3235 1011 3309 D'eo
1035 3235 1185 3310 obedire
1204 3254 1334 3328 perpe·

263 3342 334 3401 tuo
350 3329 441 3426 Regi
458 3331 492 3403 dt
507 3335 723 3427 immortali,
749 3355 855 3424 quam
874 3334 1085 3430 Imperatori
1103 3335 1206 3424 hujus
1222 3332 1333 3406 seculi

263 3429 386 3519 iniqua
397 3431 548 3521 jubenti.
586 3434 828 3530 Magnilianus
844 3434 950 3507 dixit:
968 3434 1044 3525 Jam
1060 3434 1230 3524 d1x1t1b1‚
1248 3433 1333 3521 quia

265 3530 418 3621 primum
443 3527 515 3622 est,
547 3533 644 3622 quod
659 3533 899 3624 imperatores
916 3531 1113 3623 juleium,
1147 3548 1251 3622 quam
1274 3550 1334 3621 ea,

265 3647 345 3719 quae
361 3626 543 3722 loqueris.
605 3629 706 3704 Felix
729 3627 932 3731 Episcopus
958 3631 1065 3703 dixit:
1099 3629 1255 3704 Primum
1279 3628 1332 3704 eli

248 3745 485 3820 ¹praeceptum
500 3727 570 3802 Dei
588 3728 787 3821 custodire,
815 3751 919 3823 quam
940 3729 1146 3806 hominibus
1167 3727 1332 3808 obedire.

262 3825 504 3923 Megullianus
523 3826 681 3901 Curato:
703 3829 814 3903 dixit:
855 3830 1003 3904 Interim
1024 3829 1060 3903 in
1078 3828 1153 3903 hoc
1173 3829 1332 3903 triduum

265 3930 431 4021 recogita
453 3942 600 4013 tecum:
635 3928 717 4019 quia
739 3928 764 4001 s:
787 3929 826 4001 iu
851 3930 919 4001 hac
940 3930 1087 4023 propria
1110 3931 1261 4004 civitate
1288 3939 1333 4003 ea
1356 4019 1358 4024 Ι

217 4093 232 4130 „
273 4044 351 4118 que
371 4043 550 4126 precepta
570 4026 670 4119 sunt,
685 4029 845 4128 implere
862 4030 1086 4130 neglexeris,
1112 4030 1156 4108 ad
1175 4048 1334 4121 procon-

444 4167 453 4187 s
586 4149 589 4166 ·
797 4124 879 4228 ,14
933 4168 938 4180 ·
980 4211 985 4218 ,
1172 4126 1295 4203 sulem
