3200 4784
560 377 1044 532 ‘Lretdtarrrnuu‘
1127 389 1135 408 ⁸
1247 415 1316 502 ¹¹3
1369 457 1375 472 .

239 563 405 648 Christu't
420 537 706 666 dixiss'e'legltutt
737 569 801 639 Vos
818 588 907 663 quem
918 590 965 636 me
978 566 1085 634 dicitis
1097 557 1176 658 effi?
1201 557 1249 640 Et
1265 570 1315 641 ait
1380 533 1384 544 ι

209 671 292 746 .illi
313 670 452 745 Petrus.
510 662 561 742 Tu
577 695 608 739 ts
623 671 713 756 fliius
734 670 798 737 Dei
812 671 901 740 vivi.
953 662 1024 736 Pro
1044 685 1112 754 qua
1128 671 1315 762 agnitione
1409 721 1411 726 -

240 771 377 848 laudari
403 771 447 843 ab
470 788 519 844 eo
534 770 683 842 meruitt
710 767 809 857 quod
834 762 996 852 instinctu
1016 764 1086 835 Dei
1110 771 1219 855 patris
1240 768 1315 842 hoo

201 907 204 916 ·
241 873 389 957 dixerit.
439 866 539 942 Ecce
555 869 693 958 caeteris
712 882 788 937 non
807 862 1082 960 agnoscentibus
1097 861 1208 940 filium
1228 867 1314 959 Dei,

242 971 343 1045 solut
359 969 485 1041 Petrut
500 968 670 1064 agnouit.¹
715 962 859 1036 Deinde
875 962 937 1036 sub
951 964 1009 1035 die
1027 961 1209 1054 pollionis,
1232 987 1316 1041 cum

242 1069 384 1143 diceret
406 1065 586 1140 Christus:
619 1069 693 1136 Ecce
707 1082 815 1134 teneor
836 1061 875 1138 ὅ
887 1063 1024 1154 fugietis
1040 1087 1165 1132 omues:
1192 1078 1316 1137 tacen-

196 1183 200 1290 ᾖ
243 1171 343 1242 tibus
367 1169 525 1257 caeteria,
552 1165 703 1239 solutio
727 1163 889 1256 promisit
913 1183 989 1234 non
1007 1160 1241 1236 receffurumr
1268 1166 1315 1238 de

196 1259 208 1334 ι’
242 1265 431 1363 prasentia
448 1263 543 1342 filius
562 1265 633 1337 Del
654 1264 721 1333 ait:
759 1265 870 1345 Patre,
897 1265 1180 1357 antequum'gallus
1196 1281 1314 1350 cantet,

196 1347 199 1380 ¹
243 1383 298 1440 ter
316 1368 515 1460 menegrbis.
566 1363 740 1436 Additum
758 1360 809 1433 est
826 1360 922 1433 aliud
938 1361 980 1431 ad
996 1364 1139 1452 pondus
1157 1363 1315 1453 peccati,

245 1464 455 1562 promillum
479 1461 635 1554 scilicet,
668 1460 766 1551 quod
787 1480 864 1534 non
884 1475 961 1532 erat
978 1462 1200 1554 impleturus.
1247 1461 1317 1536 Po-

243 1563 320 1640 stea
330 1581 435 1656 quarn
447 1565 484 1636 in
500 1563 647 1635 domum
657 1559 799 1651 Caiphae
812 1559 1006 1633 sacerdotis
1018 1559 1141 1632 ductus
1153 1559 1205 1633 est
1215 1559 1317 1633 Clrri·

242 1663 341 1753 stus,
364 1665 407 1736 td
425 1647 620 1736 mensuram
640 1659 756 1731 delicti
770 1655 1044 1751 complendam,
1063 1662 1109 1732 de
1127 1673 1232 1733 tento
1249 1681 1317 1734 nu·

241 1783 349 1839 mero
365 1764 484 1834 nullus
498 1763 586 1833 aliur
601 1762 843 1851 interrogatur
859 1773 987 1848 preter
999 1761 1143 1832 beatum
1156 1760 1314 1836 Petrum.
1408 1803 1410 1814 ·

193 1895 195 1948 ;
240 1860 493 1951 Interrogatus
507 1861 624 1951 primo
639 1871 763 1953 negat:
782 1856 1025 1951 interrogatus
1041 1858 1170 1930 iterum
1188 1875 1315 1954 negate

241 1959 361 2030 certio
379 1957 469 2030 dixit
482 1955 518 2029 se
529 1955 706 2030 Christum
721 1957 873 2030 omnino
891 1954 1098 2029 nonnulle·
1130 1955 1177 2029 Et
1196 1976 1315 2032 canta·
1381 2009 1383 2014 -

241 2059 304 2129 vit
322 2057 464 2152 gellus:
496 2074 574 2128 non
597 2070 638 2127 ut
666 2068 832 2146 tempora
857 2053 965 2127 ca'ntu
985 2055 1048 2129 suo
1072 2055 1315 2152 distingueret,

245 2154 307 2229 sed
321 2169 363 2228 ut
375 2152 536 2248 peccalle
551 2152 587 2228 se
603 2159 729 2228 beatus
745 2153 872 2227 Petrus
892 2153 1110 2251 agnosceret.
1144 2155 1316 2249 Denique
1404 2175 1406 2177 ·

246 2255 366 2329 doluit
393 2273 533 2346 amare,
565 2253 600 2332 dt
629 2253 736 2326 flevit
760 2256 926 2330 ubertim.
988 2251 1111 2345 Ecce,
1147 2256 1317 2349 utsupra
1352 2310 1354 2314 -
1410 2301 1412 2306 .

213 2411 217 2418 .
246 2353 378 2429 dictum
401 2351 473 2433 est,
498 2354 637 2425 ceteris
661 2373 738 2426 non
759 2353 1058 2448 agnoscentibus,
1084 2354 1180 2428 solus
1206 2377 1317 2451 agno·

245 2453 322 2528 vit:
349 2454 487 2525 caeterit
506 2470 581 2524 non
597 2452 1028 2543 promittentibus‚-solus
1043 2456 1224 2548 promisrtr
1251 2477 1317 2528 ce>

243 2554 294 2624 ris
308 2572 381 2624 nec
400 2549 507 2625 semel
522 2553 759 2646 negantibus,
794 2566 851 2623 tet
872 2550 967 2624 solut
986 2554 1146 2646 negavit.
1197 2551 1246 2625 Et
1257 2567 1316 2627 tae

243 2670 327 2730 rnen
353 2652 457 2723 bono
482 2652 656 2740 unitatis,
690 2650 735 2722 de
753 2665 906 2722 numero
932 2648 1193 2741 Apostolorum
1221 2651 1316 2746 sepa-

244 2751 316 2822 rari
342 2770 419 2842 non
443 2749 585 2823 meruit.
635 2747 746 2820 Unde
768 2750 979 2843 intelligitur
1003 2752 1124 2822 omnia
1149 2751 1316 2828 ordinate

245 2845 319 2922 elle
341 2848 574 2940 providentia
593 2841 803 2941 salvatoris,
828 2860 870 2918 ut
892 2844 965 2939 ipse
987 2853 1168 2941 acciperet
1180 2853 1315 2931 claves.

243 2944 442 3022 interclusa
459 2945 510 3020 eil·
532 2946 674 3019 malitiae
693 2946 774 3040 via,
802 2967 849 3019 ne
865 2938 1035 3038 Apostoli
1062 2951 1180 3022 animo
1204 2952 1316 3025 licen·

244 3050 332 3120 tiam
356 3045 538 3139 judicandi
563 3045 801 3138 concipe-rent
828 3042 1011 3119 &severe
1035 3061 1316 3124 contemnerent

246 3165 356 3235 eum,
391 3147 450 3236 qui
474 3157 671 3241 negaverat
691 3143 878 3220 Christum.
930 3144 1035 3218 Stant
1054 3148 1316 3224 toti-innocen·

245 3261 327 3332 tes,
353 3244 387 3313 tr
402 3250 577 3333 peccator
592 3246 723 3338 accipit
738 3247 880 3337 claves,
906 3251 947 3317 ut
962 3248 1108 3319 unitatis
1128 3250 1316 3345 negotium

247 3344 479 3419 formaretur.
529 3343 716 3417 Provisum
734 3343 809 3427 est,
834 3359 876 3415 ut
895 3357 1069 3437 peccator
1089 3349 1243 3438 aperiret
1263 3352 1316 3423 in·
1382 3353 1398 3378 ·'

246 3443 498 3531 nocentibus,
531 3462 577 3514 ne
601 3444 816 3516 innocentes
841 3445 1050 3516 clauderent
1077 3460 1208 3518 contra
1232 3469 1315 3538 pec·

250 3556 396 3615 catores
411 3559 421 3613 r
454 3537 487 3611 tr
506 3558 585 3630 quae
603 3540 793 3615 netellaria
816 3540 867 3613 est
884 3544 1023 3636 unitas,
1057 3541 1126 3614 ell'e
1141 3559 1218 3616 non
1236 3543 1316 3636 poss

249 3639 315 3716 set·
367 3637 457 3712 Haec
471 3637 496 3713 lt
511 3643 859 3724 commemoraretis,
888 3640 1152 3713 communicare
1168 3645 1316 3735 cupien-

246 3751 328 3832 tes,
354 3740 500 3829 quando
517 3752 586 3809 voa
607 3740 785 3812 catholica
806 3742 869 3831 pio
889 3740 964 3814 llnu
985 3737 1158 3834 suscipere
1176 3743 1315 3819 dubite-

248 3850 310 3921 regt
328 3833 512 3911 Ecclesrai
539 3857 620 3913 cum
643 3837 785 3913 constet
805 3859 876 3912 vor
898 3828 975 3914 nori
993 3833 1208 3918 Truditorcs
1230 3843 1314 3941 elle,

242 3929 312 4012 :sed
330 3926 427 4013 filior
442 3933 704 4024 Traditorumt
1299 3937 1338 3996 ·'

301 4130 416 4235 optari
430 4079 514 4232 Afri
531 4119 663 4214 lintri.
864 4123 912 4264 ll
1026 4171 1057 4230 ῃ
1111 4155 1148 4229 4.
1162 4129 1267 4232 ¹Nun
