3200 4784
514 377 654 463 238
1006 323 1678 476 Mantineam
1735 308 2196 442 varana·

510 533 660 605 tius
690 524 941 625 agonis
974 523 1465 618 percurrerint
1494 520 1732 619 gesta,
1793 537 1878 596 ut
1905 523 2257 621 nesciam,
2317 547 2490 622 quae
2535 527 2669 607 filit

510 635 783 729 prima,
836 628 959 700 vel
991 624 1297 708 secunda
1332 622 1449 696 seu
1486 625 1736 715 tertia,
1781 624 1847 696 δι
1873 623 1968 698 fic
1995 626 2409 703 immensam
2449 629 2672 706 semel

454 752 465 774 ·
514 749 774 805 omnes
808 725 1071 822 glorias
1102 742 1557 815 praepropera
1592 725 1968 798 celeritate
2007 728 2538 824 confuderint,
2593 743 2672 806 ut

516 849 689 904 ante
723 826 1259 919 compleverint
1296 845 1523 917 pene,
1584 842 1791 914 quam
1819 831 2213 918 coeperint‚
2258 845 2386 902 aut
2421 846 2510 901 ut
2545 851 2673 906 ve-

510 932 661 1006 rius
696 927 1023 1014 dixerim,
1054 922 1258 996 semel
1291 937 1678 1013 utrumque
1701 922 1772 996 in
1804 924 1936 996 illis
1969 927 2194 999 innati
2221 928 2380 1003 lint.
2447 929 2672 1005 Unde

512 1033 733 1126 igitur
780 1027 1163 1115 incipiam,
1214 1022 1407 1094 unde
1459 1023 1674 1094 limen
1731 1038 1948 1095 tantae
1986 1026 2214 1099 laudis
2263 1029 2670 1124 ingrediar,

511 1129 707 1205 unde
746 1125 1017 1197 rursum
1056 1123 1367 1218 ejusdem
1413 1123 1670 1197 liminis
1705 1124 1974 1197 exitum
2011 1127 2356 1202 claudam.
2469 1128 2672 1222 Ape·

512 1234 659 1306 rire
692 1226 1099 1299 conturbor
1126 1275 1149 1312 ,
1204 1222 1271 1294 ά.
1308 1220 1641 1293 claudere
1679 1222 1967 1316 fatigor.
2085 1224 2159 1297 Si
2203 1231 2372 1300 vitae
2426 1233 2668 1304 totius
2729 1227 2739 1314 ’,ἶ

513 1347 920 1408 memorare
948 1343 1186 1396 mores
1214 1322 1577 1413 incipiam,
1604 1323 2005 1396 revertenti
2033 1328 2379 1418 martyrio
2413 1327 2672 1404 facere
2717 1401 2722 1418 ,

514 1431 835 1504 videbor
862 1423 1233 1518 inJuriam3
1286 1422 1370 1493 ad
1402 1419 1986 1512 praedicationem
2022 1427 2342 1517 martyrii
2383 1425 2434 1498 fi
2481 1431 2674 1523 gres-

514 1528 632 1605 sus
666 1528 957 1620 dirigam
978 1576 1003 1614 ‚
1044 1535 1261 1594 tantae
1288 1522 1456 1591 vitae
1484 1534 1903 1593 contemtor
1938 1526 2244 1596 tenebor
2266 1523 2668 1605 adstrictus·
2735 1577 2738 1586 ·

512 1628 817 1704 Premor
847 1621 1098 1695 cuncta
1126 1639 1548 1713 percurrere
1567 1673 1589 1709 ‚
1631 1619 1692 1690 ἃ
1723 1619 1869 1693 scio
1905 1620 2151 1696 cuncla
2181 1645 2296 1700 me
2325 1629 2662 1718 nequire.

513 1727 863 1815 Undique
896 1723 1063 1796 mihi
1107 1740 1293 1794 onus
1333 1721 1589 1792 devoti
1631 1721 1898 1794 laboris
1932 1723 2257 1814 accedit,
2313 1726 2432 1798 sed
2481 1747 2664 1802 con·

511 1841 629 1902 tra
666 1841 883 1898 unum
926 1825 1258 1895 levamen
1295 1819 1646 1893 sententia
1677 1817 2046 1917 Evangelii
2085 1813 2472 1897 recordata
2510 1825 2663 1900 suc·

516 1931 787 2015 currit,
840 1936 925 1994 ut
971 1922 1291 2012 martyrii
1323 1920 1603 1992 securus
1637 1923 1778 2014 jam
1819 1938 2298 1995 monumento
2334 1942 2661 1999 conetur

516 2043 931 2117 exponere,
1000 2020 1285 2112 quando
1334 2019 1726 2093 Dominum
1766 2018 1998 2117 jesum
2035 2019 2390 2097 Christum
2431 2021 2658 2102 finem

511 2131 691 2199 vitae
749 2123 1059 2195 cernerit
1110 2116 1435 2193 laudass'e.
1536 2117 1843 2192 Siluerat
1887 2121 2003 2192 hic
2053 2123 2238 2212 apud
2281 2121 2658 2222 Carthagi-

512 2247 683 2303 nem
720 2220 1239 2317 persecutionis
1278 2219 1715 2308 immanitas,
1769 2233 1850 2290 ut
1896 2221 2248 2314 longioris
2294 2227 2653 2315 temporis

515 2324 907 2400 cessatione
948 2321 1259 2394 nutriret
1298 2318 1583 2411 pejores
1631 2317 1947 2410 infidias,
2020 2319 2084 2391 δι
2126 2323 2390 2412 ubique
2441 2326 2657 2398 ho·te

515 2424 907 2523 grassante,
944 2421 1093 2494 'hic
1133 2417 1356 2492 solum
1404 2419 1742 2491 tacebant
1789 2418 2208 2492 formidines
2252 2436 2468 2512 atque
2508 2437 2657 2497 ter-

513 2545 766 2615 rores,
834 2535 917 2594 ut
962 2521 1136 2593 nihil
1170 2520 1311 2612 jam
1358 2531 1677 2616 moturas
1717 2518 1892 2608 ipsas
1931 2518 2158 2592 saeculi
2203 2522 2479 2596 diceres
2518 2546 2658 2615 po-

512 2624 834 2700 testates.
937 2619 1140 2695 Nulli
1164 2621 1306 2716 jam
1342 2619 1565 2712 prima
1604 2618 1960 2690 terribiles
2005 2640 2208 2691 aures
2251 2620 2316 2691 61
2354 2622 2652 2714 pe6tora

514 2724 934 2819 quatiebat,
1004 2719 1151 2793 sola
1185 2720 1273 2792 de
1313 2720 1527 2790 vobis
1566 2717 2013 2810 Martyribus
2059 2717 2353 2792 infinitis
2391 2721 2651 2796 Numi·
