3200 4784
514 429 657 503 144
857 437 867 448 ·
1012 399 1671 479 Mou'umnnra
1716 401 2159 520 vnum·
2281 391 2302 432 ‘
2367 471 2372 476 .

489 574 742 667 'legem
775 564 966 658 Dei,
1021 583 1227 656 quam
1263 563 1500 641 didici.
1615 562 1842 660 Ipsam
1889 565 2270 661 custodio,
2317 566 2643 663 pro-ipsa

510 670 821 757 moriar,
856 668 930 739 in
957 665 1101 760 ipsa
1129 664 1550 755 consumor,
1590 677 1851 756 praeter
1881 687 2086 757 quam
2116 689 2268 741 non
2298 667 2399 742 est
2428 672 2647 746 aliud.

374 858 381 866 .
509 765 811 841 Talibus
843 766 1084 856 itaque
1117 762 1316 836 di'ffls
1348 761 1809 860 gloriofiflimi
1830 766 2177 858 Martyris
2212 768 2284 841 in
2327 767 2461 841 suis
2494 784 2651 842 tor-

509 868 770 944 mentis
801 866 1019 962 magis
1053 861 1198 955 ipse
1237 863 1594 936 Anulinus
1645 866 2161 956 torquebatur:
2239 869 2442 959 quus
2496 881 2653 943 tan·

512 969 675 1041 dem
724 967 955 1038 rabies
1011 962 1397 1035 ferocitate
1448 961 1802 1058 saginata,
1864 962 2113 1054 'postea
2163 967 2517 1044 reclusum
2570 970 2650 1043 in
2716 970 2719 976 ’

429 1139 436 1149 ,
512 1085 840 1152 carcere,
891 1055 1201 1158 pastione
1232 1061 1666 1157 condignum
1699 1059 2095 1154 Martyrem
2126 1064 2536 1142 destinavit.

604 1159 609 1166 '
664 1185 729 1253 ς.
782 1153 950 1238 Post
979 1163 1172 1235 hunc
1206 1159 1512 1233 Dativus
1548 1181 1587 1232 a
1625 1159 1951 1234 Domino
1985 1164 2058 1234 in
2097 1169 2484 1240 certamine
2515 1165 2655 1240 eri·

510 1266 751 1364 gitur,
819 1262 934 1355 qui
973 1260 1297 1334 Thelicae
1341 1260 1426 1332 ad
1466 1258 1909 1336 fortiffimum
1961 1262 2285 1354 proelium
2341 1265 2431 1338 de
2481 1286 2654 1358 pro·

420 1355 439 1366 ’
509 1371 712 1444 ximo
750 1358 1171 1455 conjunstus
1211 1358 1346 1433 est:
1412 1363 1530 1452 qui
1577 1380 1740 1434 cum
1786 1360 2178 1454 pendendo
2214 1362 2291 1436 in
2330 1368 2649 1455 equuleo

513 1462 888 1552 extensuS,
952 1459 1022 1534 se
1063 1479 1258 1531 voce
1300 1456 1552 1553 soepius
1594 1461 1905 1552 repetita
1958 1457 2431 1537 Christianum
2476 1462 2648 1558 ess'e,

376 1617 389 1657 .,
508 1557 582 1637 δι
634 1557 1006 1636 conectam
1055 1555 1346 1649 fecisse,
1418 1557 1711 1630 fortiter
1761 1559 2285 1650 proclamaret,
2365 1564 2649 1644 emerfit

512 1660 926 1739 rancliffimae
962 1655 1308 1730 Vffloriae
1346 1656 1712 1749 Martyris·
1739 1656 1965 1730 frater
1991 1713 2014 1736 ..
2088 1662 2200 1731 vir
2241 1657 2403 1736 sane
2444 1677 2648 1759 toga·

512 1775 672 1841 tus,
721 1759 840 1834 sed
884 1779 926 1830 a
958 1758 1322 1852 religioni?
1362 1753 1772 1830 Christianae
1808 1755 2221 1834 sanetiffimo
2256 1764 2455 1838 cultu
2483 1762 2646 1854 ἱρῆς

514 1856 962 1952 'temporibus
1006 1858 1320 1943 alienus3
1388 1857 1509 1946 qui
1543 1854 1941 1949 suspensum
1979 1859 2054 1931 in
2095 1862 2409 1950 equuleo
2447 1861 2649 1934 Mar·

513 1975 751 2056 tyrem
799 1956 1122 2052 profanis
1165 1957 1476 2028 vocibus
1512 1954 1853 2029 hactenus
1898 1959 2275 2056 arguebat:
2329 1958 2470 2032 Hic
2503 1959 2640 2054 est,

513 2063 664 2153 ait,
719 2058 1086 2148 Domine,
1140 2055 1258 2145 qui
1305 2074 1435 2149 per
1486 2054 1867 2130 absentiam
1913 2059 2133 2148 patris
2181 2055 2453 2149 nostri,
2507 2080 2644 2134 no-

367 2234 370 2243 ,
509 2161 622 2236 bis
663 2158 781 2231 hic
818 2152 1273 2248 studendibus
1301 2201 1325 2241 ,
1372 2153 1697 2226 sororem
1744 2154 2056 2230 nostram
2101 2155 2498 2234 Victoriam
2539 2158 2642 2233 se·

513 2259 829 2348 ducens,
868 2256 1067 2328 'hinc
1113 2255 1211 2326 de
1252 2250 2277 2352 splendidiffimaCarthaginis
2340 2261 2642 2333 civitate

510 2379 655 2436 una
698 2377 858 2430 cum
904 2352 1228 2427 Secunda
1271 2352 1339 2425 δι
1370 2351 1722 2425 Restituta
1759 2353 1845 2426 ad
1885 2351 2382 2431 Alutinensem
2418 2355 2645 2431 Colo·

512 2462 700 2537 niam
734 2452 968 2529 secum
996 2473 1223 2543 usque
1247 2453 1624 2546 perduxit,
1660 2455 1924 2545 quique
1954 2474 2313 2542 nunquam
2345 2458 2641 2534 domum

511 2558 822 2636 nostram
872 2550 1209 2648 ingress'us
1259 2549 1361 2624 est
1412 2552 1537 2625 nis1
1578 2565 1754 2624 tunc
1784 2604 1810 2644 ‚
1883 2554 2167 2641 quando
2218 2556 2640 2646 quibusdam

510 2655 1072 2757 persuasionibus
1114 2653 1461 2744 puellares
1509 2652 1782 2750 animos
1829 2651 2191 2729 illiciebat.
2294 2645 2433 2727 Sed
2478 2676 2637 2730 non

514 2761 682 2833 tulit
732 2753 1058 2825 Victoria
1098 2753 1454 2825 elariffima
1502 2748 1695 2821 Mart
1751 2773 1787 2821 Γ
1843 2753 2191 2833 Domini,
2263 2753 2478 2827 Colle
2509 2777 2635 2833 *32:11
