3200 4784
565 367 711 468 '278
1078 347 1727 463 Menturnis-ra
1773 363 2180 442 verena

733 519 879 604 Ta.
922 527 1047 602 VI.
1114 523 1235 598 Ne
1270 523 1578 600 sanctum
1617 528 1968 620 baptisma
1993 530 2322 608 iteretur.
2393 531 2498 603 ·L.
2535 549 2618 626 3.
2653 539 2730 604 αι’

576 633 711 711 dem
730 626 1137 705 ammaie.
1188 625 1417 722 lmpp.
1456 623 1716 700 Arcad.
1747 627 2033 704 Honor.
2069 628 2453 704 &Theoct
2475 627 2730 708 AAA.
2770 671 2776 676 ·

574 713 1207 825 Rebaptizantitfm
1240 747 1397 799 non
1419 729 1728 821 patimur
1754 727 2012 801 devios
2039 749 2324 804 errores
2350 729 2496 802 διο.
2561 731 2732 807 Dat.

575 833 809 1005 pricillie
853 829 1021 906 Idus
1055 826 1266 902 Febr.
1308 826 1589 906 Raven.
1631 825 2032 904 Stilichone
2067 826 2162 906 ΙΙ.
2209 830 2277 904 &
2309 827 2734 908 Anthemio

576 933 699 1008 Co
756 986 776 1006 .
1687 1005 1692 1010 .
2257 939 2262 946 '

734 1030 897 1109 Ibid.
937 1033 1027 1106 L.
1055 1045 1129 1126 4.
1159 1027 1358 1102 eodem
1386 1051 1561 1099 anno
1592 1025 1670 1106 θ
1707 1029 1828 1104 die.
1875 1027 2104 1125 Impp.
2129 1028 2397 1108 Arcad.
2429 1029 2740 1110 Honor.

582 1131 656 1207 Gt
697 1127 1071 1205 Theodos.
1120 1126 1366 1206 AAA.
1419 1127 1790 1203 Hadriano
1841 1127 1977 1203 PF.
2015 1129 2112 1209 ·P.
2236 1129 2736 1204 Adversarius

582 1229 987 1328 Catholicae
1046 1225 1220 1302 fidei
1278 1227 1667 1324 exstirpare
1727 1230 1937 1321 huJ'us
2001 1232 2272 1309 decreti
2324 1231 2740 1305 autoritate

581 1330 1108 1430 prospeximus.
1176 1328 1499 1421 Ideoque
1528 1329 2091 1404 intercidendam
2123 1331 2540 1426 specialiter
2581 1350 2738 1405 eam

582 1431 841 1507 sectam
860 1450 1063 1516 nova
1087 1428 1616 1505 constitutione
1647 1427 2071 1528 censuimus,
2110 1451 2292 1522 quae,
2331 1452 2432 1502 ne
2453 1430 2740 1504 haerefis

583 1543 987 1607 vocaretur
1011 1581 1037 1622 ‚
1078 1530 1640 1624 appellationem
1677 1528 2067 1603 schismatis
2102 1530 2566 1624 praeferebat.
2667 1529 2746 1604 In

584 1647 871 1707 tantum
914 1631 1106 1702 enim
1138 1625 1417 1700 sceleris
1446 1627 1784 1726 progreffi
1819 1629 2156 1702 dicuntur
2184 1631 2279 1722 ii,
2332 1649 2550 1720 ¹quos
2591 1628 2748 1702 Do·

585 1729 881 1808 natistas
928 1743 1251 1820 vocant,
1318 1741 1403 1799 ut
1435 1727 1788 1823 baptisma
1823 1727 2335 1808 sacrosanctum
2376 1729 2745 1824 mysteriis

589 1827 964 1905 recalcatis
999 1830 1402 1905 temeritate
1430 1829 1653 1901 noxia
1678 1829 1990 1919 iterent,
2023 1829 2092 1904 dt
2122 1827 2462 1903 homines
2495 1827 2745 1917 semel,

588 1945 678 2007 ut
716 1927 1059 2002 traditum
1093 1927 1195 2006 est
1221 1981 1247 2020 ‚
1296 1948 1597 2006 munere
1634 1927 2060 2003 Divinitatis
2094 1931 2420 2021 ablutos,
2485 1941 2747 2002 conta·

591 2032 817 2128 gione
866 2025 1693 2120 profanae'repetitionis
1737 2028 2147 2107 infecerint.
2245 2027 2356 2102 Ita
2389 2029 2747 2126 contigit,

590 2145 681 2204 ut
715 2127 987 2202 haerefis
1016 2148 1106 2204 ex
1129 2125 1504 2202 schismate
1536 2127 1974 2205 nasceretur.
2054 2129 2236 2202 Inde
2265 2129 2452 2202 male
2491 2128 2747 2202 credu-

590 2231 700 2305 las
746 2243 1023 2304 mentes
1064 2227 1153 2300 ad
1198 2226 1389 2319 spem
1426 2226 1750 2302 secundae
1789 2228 2248 2324 indulgentiae
2288 2227 2602 2301 blandus
2639 2248 2750 2301 er-

593 2348 725 2402 ror
756 2328 1044 2404 invitat.
1078 2363 1083 2368 ·
1146 2325 1393 2398 Facile
1422 2325 1526 2399 est
1560 2329 1748 2403 enim
1782 2327 2205 2422 persuadere
2233 2328 2747 2421 peccantibus,
2819 2393 2823 2414 ,

596 2429 887 2502 veniam
938 2427 1135 2519 prius
1185 2422 1566 2519 praestitam
1612 2428 1856 2502 denuo
1900 2427 2100 2526 posse
2147 2426 2503 2526 praestari3
2554 2427 2752 2518 ·'quae

596 2529 653 2604 fi
692 2526 996 2600 concedi
1034 2529 1290 2598 iterum
1331 2525 1596 2600 eodem
1624 2527 1851 2604 modo
1886 2527 2171 2622 potest,
2219 2527 2752 2624 non-intelligi·

597 2631 873 2725 gimus‚
923 2645 1049 2698 cur
1084 2625 1306 2698 tertio
1340 2626 1756 2722 denegetur.
1857 2627 1957 2703 Hi
1991 2649 2177 2703 vero
2218 2629 2286 2702 &
2315 2629 2571 2700 servos
2617 2626 2752 2700 vel

598 2729 933 2802 homines
960 2726 1097 2815 juri
1130 2729 1434 2818 proprio
1460 2724 1817 2818 subditos,
1847 2729 2088 2802 iterati
2116 2727 2564 2818 baptismatis
2591 2727 2755 2818 pol·
