3200 4784
506 385 648 484 360
1008 375 1661 460 Mommmwra
1709 374 2140 453 Ver-cna*

505 562 719 639 quam
762 538 1135 614 universus
1178 542 1370 612 orbis
1408 539 1840 612 Christianus
1891 561 1928 610 a
1969 553 2173 630 parte
2209 533 2517 610 Donati
2555 553 2669 609 re·-

507 643 973 736 bapt'izcturz
1046 659 1205 714 cum
1262 639 1642 731 praesertim
1693 638 1783 710 de
1828 638 2242 710 Maximiani
2304 637 2634 730 sacrilego

514 745 971 817 &damnato
1014 736 1387 812 schismate
1434 739 1860 821 venientes,
1915 758 2097 826 quos
2149 738 2384 807 etiam
2442 751 2642 807 terre·

513 862 761 918 narum
827 837 1263 932 potestatum
1330 838 1736 927 iuffionibus
1798 834 2203 908 insectando
2261 837 2644 908 emendare

519 955 903 1031 curarunt,
952 951 1152 1010 tanta
1183 935 1567 1010 dilectione
1604 937 2037 1028 quaesierint,
2089 949 2171 1007 ut
2202 955 2357 1007 nec
2399 937 2644 1026 baptis-

514 1056 709 1116 mum
747 1041 833 1111 ab
876 1039 975 1110 eis
1014 1037 1255 1110 datum
1295 1035 1697 1110 rescindere
1741 1036 2125 1126 auderent,
2181 1035 2246 1105 &
2305 1034 2644 1124 quosdam

517 1137 787 1213 e'o'ruin‘
810 1139 1185 1210 damnatos
1203 1135 1361 1208 fine
1389 1139 1533 1210 ulla
1556 1138 1862 1210 honoris
1890 1156 2137 1208 eorum
2168 1135 2647 1206 diminutione

515 1237 995 1332 susciperent,
1048 1236 1394 1325 quosdam
1432 1255 1618 1307 vero
1655 1238 1726 1308 in
1757 1237 1942 1307 illius
1978 1233 2405 1307 discissionis
2447 1231 2650 1304 socie·

516 1353 682 1412 tate·
718 1335 1143 1428 impollutos
1194 1334 1395 1408 fuiil'e
1451 1334 1844 1410 censerent.
1947 1336 2282 1428 Quorum
2349 1335 2550 1404 inter
2597 1332 2648 1403 se

519 1436 935 1512 concordiae
984 1442 1158 1508 non*
1199 1436 1650 1524 invidemus,
1721 1436 1838 1506 sed
1903 1454 2032 1505 eos
2087 1446 2290 1504 certe
2352 1443 2652 1523 oportet

520 1537 908 1616 &dvertere
929 1581 951 1616 ‚
1006 1554 1211 1623 quam
1240 1535 1356 1624 pie
1386 1547 1595 1606 tanto
1623 1532 1855 1606 studio
1882 1553 2148 1604 ramum
2182 1553 2220 1602 a
2250 1530 2330 1602 se
2359 1530 2653 1604 fractum

518 1637 721 1709 radix
759 1633 1133 1706 Catholica
1184 1633 1518 1723 inquirit',
1585 1633 1636 1705 fi
1685 1654 1918 1706 ramus
1967 1633 2111 1723 ipse
2147 1631 2481 1704 similiter
2529 1653 2569 1704 a
2599 1631 2656 1702 se

520 1754 826 1832 parvum
870 1732 1187 1824 fragmen
1222 1730 1512 1805 incisum
1552 1733 1646 1806 fic
1681 1734 2021 1827 colligere
2057 1733 2464 1806 laboravit.
2577 1731 2656 1800 Ee

520 1837 618 1907 ali
641 1857 855 1907 manu.
962 1829 1361 1922 Optamus,
1396 1845 1470 1904 te
1505 1829 1654 1924 fili,
1699 1834 1771 1903 in
1806 1832 2130 1903 Domino
2164 1833 2361 1903 bene
2391 1833 2660 1906 valere.

521 1933 879 2004 Aurelius·
899 1928 1290 2024 Episcopus
1326 1927 1652 2006 Ecclefiae
1673 1929 2062 2004 Catholicae
2081 1930 2300 2002 Carth
2312 1953 2350 2000 a
2359 1931 2658 2023 gineniis

522 2033 694 2106 huic
722 2026 1057 2121 Epistol‘ae
1091 2028 1477 2121 subscripfi.
1556 2035 1711 2102 Item
1741 2034 1871 2101 alia
1901 2055 2116 2100 mame„
2181 2030 2537 2102 Silvanus
2574 2027 2657 2103 se-

520 2151 665 2205 nex
695 2126 1026 2200 Ecclefiae
1066 2128 1484 2201 summensis
1518 2128 1896 2221 subscripsi.
1981 2135 2135 2201 Item
2167 2135 2514 2202 recitavit.

551 2234 559 2241 '
680 2249 789 2320 17.
846 2225 1314 2300 Marcellinus
1366 2229 1477 2300 vir
1525 2229 1918 2301 c-lariffimus
1967 2231 2034 2300 &
2069 2227 2476 2321 spectabilis
2511 2227 2661 2298 Tri-

523 2329 760 2402 bunus
820 2325 887 2400 &
935 2326 1319 2401 Notarius:
1420 2330 1782 2425 Quoniam
1837 2327 2102 2419 justitia
2161 2326 2490 2399 dictante
2549 2325 2660 2398 vel

522 2425 671 2499 fide
708 2426 1061 2499 semelme
1092 2423 1543 2521 spopondisse
1578 2430 2069 2518 commemini,
2111 2428 2464 2517 quidquid
2503 2447 2659 2498 cum

523 2529 900 2615 utriusque
925 2529 1143 2618 partis
1184 2525 1548 2620 Episcopis
1575 2525 1885 2622 gessero,
1928 2529 1998 2598 in
2030 2527 2406 2618 publicum
2439 2540 2660 2596 trans·

522 2624 882 2699 missurum
931 2647 1047 2698 me
1102 2624 1241 2697 esse
1283 2629 1673 2719 notitiam,
1747 2626 1950 2698 causa
2002 2627 2169 2698 mihi
2215 2627 2660 2717 repetendo-

522 2730 681 2818 rum
717 2723 1024 2796 nascitur
1059 2724 1473 2818 edictorum.
1573 2726 1762 2800 Nam
1802 2749 1959 2798 cum
2000 2724 2388 2816 superioris
2427 2723 2662 2796 forma
