3200 4784
522 463 617 536 52
1244 431 1630 509 Ora-Art
1697 432 1938 513 Aru

524 601 705 678 nihil
744 599 821 672 in
852 585 974 669 illa
1010 593 1301 668 videtur
1330 593 1636 686 fastum,
1689 598 1890 689 quod
1933 597 2120 693 apud
2155 596 2668 700 Carthaginem

526 698 811 776 constat
858 693 1241 770 admiss'um.
1336 700 1672 791 Loquere,
1741 699 1974 788 inquit
2025 699 2226 772 Deus
2263 755 2304 790 ‚,
2357 708 2666 794 adversus

530 804 891 894 Principem
930 789 1009 869 T
992 798 1115 888 yri.
1182 795 1377 868 Dum
1414 795 1616 868 Deus
1651 797 1738 869 ad
1775 796 2176 892 Principem
2201 799 2390 893 Tyri
2425 806 2662 896 loqui·-

522 911 691 992 tur,
741 918 895 971 non
928 892 1263 968 adversus
1292 894 1678 996 secularem
1703 898 2004 986 aliquem
2033 920 2274 995 regem
2309 903 2486 975 dicit
2519 904 2662 979 effe

522 996 1013 1090 loquendum,
1064 1014 1201 1066 nec
1250 995 1335 1066 ad
1384 995 1696 1083 multos,
1749 993 1866 1067 sed
1907 998 1992 1072 ad
2027 1019 2288 1094 unum,
2341 1003 2494 1076 hoc
2529 1004 2662 1099 est,

514 1097 615 1173 'ad
652 1097 1023 1170 Donatum
1056 1089 1513 1186 Episcopum.
1615 1093 1882 1186 Neque
1918 1098 2104 1171 enim
2138 1099 2244 1172 fas
2291 1119 2450 1174 erat
2481 1103 2662 1176 Pro-

518 1197 813 1294 phetam
855 1191 1357 1275 Ezechielem,
1408 1213 1619 1284 quem
1665 1197 1997 1286 proxime
2044 1197 2460 1293 nominavi,
2527 1203 2664 1280 nifi

519 1297 827 1396 principi
860 1292 1297 1386 Episcopum
1333 1313 1790 1386 comparare,
1843 1296 1963 1384 qui
1991 1294 2116 1369 fibi
2149 1295 2276 1388 (ut
2301 1300 2660 1399 diximus)

512 1399 999 1493 principatum
1054 1390 1498 1487 Carthaginis
1564 1393 2038 1466 vindicabat:
2126 1399 2248 1489 qui
2299 1403 2660 1476 exaltavit

519 1517 653 1571 cor
690 1496 931 1584 suum,
984 1491 1053 1564 &
1102 1493 1507 1574 hominibus
1555 1492 1682 1564 fibi
1727 1491 2052 1586 superior
2099 1497 2520 1575 videbatur:
2583 1502 2658 1576 ἀ

518 1595 649 1672 sub
686 1595 755 1670 se
793 1612 1047 1668 omnes
1090 1593 1300 1664 etiam
1336 1590 1575 1664 socios
1616 1589 1780 1665 suos
1823 1592 2088 1669 habere
2133 1597 2516 1675 voluisset:
2553 1603 2658 1684 ,de

520 1715 833 1790 quorum
872 1691 1361 1766 oblationibus
1396 1710 1758 1784 nunquam
1791 1691 1900 1764 est'
1925 1695 2251 1790 dignatus
2297 1699 2654 1793 accipere.

515 1795 602 1872 In
640 1816 779 1887 qua
830 1812 913 1868 re
950 1791 1183 1866 media
1227 1790 1330 1864 est
1366 1787 1587 1884 fides,
1643 1791 1710 1863 δι
1741 1793 1946 1866 Deus
1983 1793 2300 1869 Christus
2337 1801 2532 1890 ejus,
2583 1801 2656 1876 Gt

516 1897 831 1990 querelae
872 1893 1311 1984 multorum,
1366 1892 1620 1981 quibus
1661 1893 1734 1964 in
1767 1890 1910 1984 ipsa
1949 1890 2298 1967 societate
2327 1897 2516 1972 hanc
2543 1897 2656 1975 in·

509 1995 767 2089 juriam
816 1992 1164 2066 faciebat:
1214 2006 1296 2063 ut
1336 1988 1524 2062 solus
1565 1990 1844 2063 secreto
1879 1992 2122 2067 nescio
2159 1996 2329 2088 quid
2365 2013 2644 2096 ageret,

514 2095 585 2170 ἀ
614 2092 865 2188 postea
896 2091 1172 2174 caeteris
1202 2087 1690 2182 perfunctorie
1717 2089 2152 2168 misceretur.
2219 2095 2390 2168 Hoc
2413 2101 2646 2173 modo

510 2197 909 2270 exaltatum
958 2189 1059 2263 est
1101 2209 1233 2262 cor
1271 2190 1460 2281 ejus:
1526 2205 1610 2261 ut
1651 2189 1776 2263 fibi
1809 2191 1954 2282 jam
1999 2213 2154 2266 non
2197 2194 2472 2287 hom0‚
2525 2199 2651 2272 sed

507 2293 719 2372 Deus
757 2288 959 2366 fuiss‘e
985 2290 1376 2380 videretur.
1459 2289 1800 2381 Denique
1833 2292 1899 2362 δι
1923 2293 1997 2363 in
2035 2312 2168 2366 ore
2197 2298 2450 2392 populi
2478 2317 2646 2371 raro

512 2393 621 2470 est
671 2393 1067 2490 appellatus
1112 2388 1507 2483 Episcopus
1536 2441 1562 2480 ,
1635 2387 1752 2462 sed
1801 2389 2138 2465 Donatus
2196 2392 2645 2493 Carthaginis

509 2494 907 2570 dicebatur.
1010 2487 1108 2562 Et
1134 2490 1400 2564 merito
1428 2491 1764 2582 princeps
1785 2488 2012 2583 Tyri,
2056 2493 2128 2563 id
2155 2491 2296 2584 est,
2345 2491 2647 2571 Cartha-

506 2596 721 2693 ginis,
746 2590 1097 2687 ‚appellari
1128 2588 1196 2662 δι
1231 2589 1584 2681 increpari
1618 2592 1911 2680 meruit,
1948 2592 2110 2680 quia
2139 2596 2404 2685 primus
2440 2594 2649 2689 Epis-

508 2712 917 2789 coporum,
971 2689 1158 2782 quafi
1192 2691 1351 2782 plus
1399 2687 1571 2762 effet
1598 2687 1744 2781 ipse
1780 2710 1987 2779 quam
2025 2693 2309 2765 caeteri:
2363 2692 2427 2764 &
2469 2697 2642 2772 dum
