3200 4784
307 456 377 533 ³72
558 380 883 503 Maeonium
912 426 1112 503 Verona

213 650 224 667 -.
307 594 427 673 omnia
450 608 548 664 nunc
569 602 743 685 aguntur,
767 606 835 681 per
856 588 954 679 quod
970 590 1051 682 jura
1068 584 1270 663 constituta
1286 586 1372 687 sunt,

306 698 456 771 omnino
472 710 548 763 non
569 684 681 781 posse.

381 794 439 881 46.
469 792 620 861 Aurelius
630 785 795 882 Episcopus
809 784 944 879 Ecclefiae
957 787 1128 856 Catholicae
1139 790 1374 883 Carthaginen-

297 896 342 997 fir
361 894 465 964 dixir:
491 888 625 983 Legem
640 887 708 959 Dei
730 908 806 957 non
826 887 1066 978 repudiamus,
1086 907 1168 959 eum
1188 888 1269 961 hoc
1286 912 1375 965 man·

306 996 426 1071 darum
459 990 649 1083 ingerimus
677 984 901 1079 legendum,
942 986 978 1057 in
1002 1006 1075 1076 quo
1100 984 1226 1079 potest
1253 990 1373 1063 'omriia

305 1090 426 1172 nostra
451 1087 592 1161 assertio
619 1084 819 1179 perdoceri.
875 1082 959 1157 Nec
984 1087 1079 1158 enim
1106 1086 1231 1181 egredi
1261 1088 1374 1181 possu-

305 1214 386 1275 mus
410 1190 557 1263 limitem
581 1184 677 1256 illiue
702 1184 885 1275 mandati,
919 1184 1018 1275 quod
1039 1185 1144 1256 nobis
1172 1200 1301 1277 patres
1321 1190 1373 1263 vel

305 1296 436 1373 fratres
456 1286 566 1360 nostri
591 1284 797 1356 universalis
818 1282 974 1354 Concilii
993 1282 1374 1361 Ecclesia-catholice

251 1405 258 1415 ’
304 1394 367 1471 hic
392 1390 490 1483 apud·
508 1384 758 1479 Carthaginem
777 1380 964 1455 constituti
980 1383 1207 1460 mandarunt.
1246 1388 1301 1463 Er
1316 1390 1373 1461 aliu

305 1516 412 1569 muru.
450 1484 680 1579 Recognovi.

384 1612 444 1683 47.
474 1588 636 1657 Emerirur
653 1582 818 1677 Episcopus
832 1582 936 1653 lixit.-
961 1580 1062 1655 Fidei
1078 1580 1180 1655 calls!
1196 1582 1276 1679 est,
1304 1606 1373 1679 que
1394 1626 1399 1643 ·

306 1694 340 1769 dr
364 1688 436 1763 sme
458 1683 627 1759 mandato
650 1680 726 1775 ipso
750 1682 832 1773 iure
850 1683 904 1779 agi
928 1681 1057 1773 potest.
1115 1681 1255 1775 Neque
1284 1688 1370 1761 enim

304 1792 389 1867 alibi
412 1786 542 1859 oculos
568 1782 676 1854 habet
702 1780 834 1873 Deua,
870 1794 932 1853 aut
956 1780 1109 1853 deseruit
1135 1784 1299 1879 coelum,
1331 1806 1370 1859 ne

304 1888 470 1966 intendat
495 1880 631 1957 causam
655 1878 767 1953 suam:
805 1880 889 1973 quid
915 1877 986 1969 est,
1020 1868 1118 1972 quiid
1137 1882 1370 1959 demandato

305 1990 367 2063 vel
388 1987 439 2059 ·de
466 1983 690 2077 obligatione
714 1982 899 2069 mandati,
935 1979 980 2051 de
1005 1977 1297 2077 subscriptione,
1331 1984 1370 2056 de

303 2089 442 2177 modo,
469 2083 514 2155 de
527 2080 692 2154 formulis
710 2078 905 2169 quaerituri
933 2078 1101 2171 quidest,
1128 2082 1231 2168 quod
1249 2084 1290 2155 in
1308 2084 1368 2156 har

249 2249 251 2253 ,
305 2182 408 2264 causa
424 2180 518 2275 quast
533 2191 595 2253 aut
613 2176 844 2273 refragantis,
871 2190 1026 2250 autnon
1046 2179 1202 2251 mandati
1224 2182 1368 2271 judicia·

303 2291 347 2366 lis
365 2281 505 2380 sponfio
524 2279 706 2351 arbitrium
723 2276 880 2372 flagitat:
907 2296 987 2349 cum
1002 2276 1125 2372 singuli
1140 2280 1278 2371 quique
1292 2302 1367 2377 pro·
1403 2280 1406 2319 ³

303 2388 417 2483 priam
434 2379 570 2454 causam
592 2376 625 2449 dt
649 2374 766 2449 salutis
790 2374 857 2449 suae
879 2377 1063 2471 negotium
1078 2392 1226 2472 gerant,
1254 2378 1367 2474 super·

303 2488 486 2573 fluumque
501 2480 543 2553 s1t
561 2490 770 2550 ceterorum
786 2476 1012 2567 mandatum,
1040 2496 1119 2549 cum
1137 2479 1172 2547 in
1191 2499 1269 2550 uno
1287 2500 1365 2553 con·

304 2586 374 2661 stet
394 2581 558 2655 Ecclesiae
573 2591 654 2649 tota
669 2573 844 2667 persona?
871 2576 1054 2665 advertat,
1072 2578 1129 2646 vir
1145 2579 1303 2673 nobilis,
1320 2583 1365 2651 in·

302 2687 451 2781 tegritas
475 2694 558 2771 tua,
595 2697 697 2768 quam
723 2678 759 2746 in
779 2674 841 2746 ista
861 2673 943 2747 sede
958 2675 1029 2766 jam
1054 2675 1211 2765 quodam
1235 2679 1364 2752 lumine
1404 2701 1406 2709 ’

304 2780 493 2860 coruscare
516 2775 787 2868 cognoscimus,
824 2776 1013 2847 veritatem
1036 2774 1084 2845 ita
1103 2773 1292 2867 praesrdere
1310 2779 1362 2850 de·

302 2886 414 2972 bere,
441 2893 503 2967 ut,
524 2877 549 2949 fi
568 2874 718 2949 furentis
736 2875 923 2944 altercatio
941 2874 1102 2966 jurisque
1124 2875 1315 2949 confliilus
1332 2882 1362 2949 in
1405 2926 1407 2969 :

302 2983 423 3059 medio
443 2979 617 3063 mittitur,
645 2986 892 3065 proponatur3
919 2973 968 3045 sm
991 2989 1110 3045 autem
1132 2974 1283 3065 simplex
1308 2978 1362 3047 illa
1405 2998 1407 3071 ξ

301 3081 461 3166 veritas,
489 3096 557 3165 qua
573 3074 676 3143 datur
692 3072 787 3159 vita,
809 3092 875 3161 qua
890 3070 1082 3143 renascitur
1099 3071 1278 3167 seculum,
1295 3093 1360 3166 qua

301 3182 473 3255 liberatus
499 3171 549 3245 est
568 3171 741 3259 mundus,
760 3172 796 3242 in
815 3172 887 3242 hoc
901 3172 1038 3259 iudicio
1055 3170 1198 3263 spiritali
1217 3176 1362 3247 alterca-

302 3281 406 3353 tione
419 3272 657 3365 conquiritur,
676 3265 805 3360 quaeso,
823 3273 880 3340 vir
894 3270 1062 3363 sublimis,
1076 3287 1268 3361 utrumque
1283 3294 1362 3366 pro·

300 3390 443 3475 ponant
467 3375 499 3446 δι
525 3370 569 3443 de
594 3388 750 3460 utroque
772 3389 880 3441 unum
897 3369 1028 3463 eligant
1090 3369 1164 3442 Aut
1182 3374 1278 3443 enim
1297 3394 1363 3445 me·

299 3481 368 3553 rita
389 3476 476 3568 juris
502 3472 670 3545 omittere
693 3489 768 3539 non
790 3465 958 3560 possunt,
986 3467 1361 3563 praescriptionemque

300 3575 499 3659 causarum3
527 3585 586 3641 aut
607 3568 629 3640 s1
649 3569 693 3639 de
711 3568 778 3639 illis
800 3565 1025 3639 sacratissimis
1046 3570 1205 3662 legibus,
1233 3574 1360 3660 quibus

298 3676 499 3750 communis
525 3668 728 3741 reverentia
746 3664 796 3737 est
815 3664 1040 3757 adhibenda,
1076 3670 1249 3758 patientia
1272 3671 1360 3764 ipsas
1404 3674 1408 3697 '

294 3778 405 3872 magis
422 3767 608 3863 ampleiiar
625 3768 658 3837 dr
675 3779 835 3856 teneam,
858 3764 890 3836 u
908 3766 999 3855 quast
1019 3767 1168 3841 coelestis
1184 3787 1253 3837 arae
1266 3768 1360 3843 Pon·

212 3896 218 3906 ¹
295 3873 470 3946 tifrcatum
492 3869 636 3939 adorem
655 3862 791 3954 semper
811 3886 851 3935 ac
870 3885 1043 3956 venerer,
1071 3867 1161 3937 ut&
1182 3869 1247 3938 tibi
1267 3870 1360 3942 inte-

294 3992 360 4069 gro
377 3968 557 4061 cognitori
575 3965 764 4036 secundum
779 3962 976 4036 institutum
993 3966 1122 4036 mentis
1142 3978 1212 4036 tuoe
1232 3971 1359 4040 morit·

283 4092 357 4170 que
381 4066 548 4147 ordinem
569 4077 669 4141 certa
687 4062 729 4138 stt
751 4063 853 4137 causa
872 4063 1079 4158 judicandi,
1110 4084 1180 4138 nec
1205 4064 1357 4141 fluituet

779 4212 781 4219 .
1216 4164 1313 4246 'ffir-
