<?xml version="1.0" encoding="UTF-8"?>
<!DOCTYPE html PUBLIC "-//W3C//DTD XHTML 1.0 Transitional//EN"
    "http://www.w3.org/TR/xhtml1/DTD/xhtml1-transitional.dtd">
<html xmlns="http://www.w3.org/1999/xhtml" xml:lang="en" lang="en">
 <head>
  <title>
</title>
<meta http-equiv="Content-Type" content="text/html;charset=utf-8" />
  <meta name='ocr-system' content='tesseract 3.04.00' />
  <meta name='ocr-capabilities' content='ocr_page ocr_carea ocr_par ocr_line ocrx_word'/>
</head>
<body>
  <div class='ocr_page' id='page_1' title='image "./operaomniasanct06librgoog_0592.png"; bbox 0 0 3200 4784; ppageno 0'>
   <div class='ocr_carea' id='block_1_1' title="bbox 289 370 1268 485">
    <p class='ocr_par' dir='ltr' id='par_1_1' title="bbox 289 370 1268 485">
     <span class='ocr_line' id='line_1_1' title="bbox 289 370 1268 485; baseline 0.002 -17"><span class='ocrx_word' id='word_1_1' title='bbox 289 396 363 485; x_wconf 80' lang='lat'>560</span> <span class='ocrx_word' id='word_1_2' title='bbox 547 370 1101 469; x_wconf 59' lang='lat' dir='ltr'>commoriemur-r</span> <span class='ocrx_word' id='word_1_3' title='bbox 1167 424 1176 435; x_wconf 59' lang='grc'><em>’</em></span> <span class='ocrx_word' id='word_1_4' title='bbox 1265 370 1268 375; x_wconf 54' lang='grc'><strong>’</strong></span> 
     </span>
    </p>
   </div>
   <div class='ocr_carea' id='block_1_2' title="bbox 218 540 1414 4143">
    <p class='ocr_par' dir='ltr' id='par_1_2' title="bbox 218 540 1414 4143">
     <span class='ocr_line' id='line_1_2' title="bbox 290 540 1359 653; baseline 0.001 -24"><span class='ocrx_word' id='word_1_5' title='bbox 290 552 489 641; x_wconf 81' lang='lat' dir='ltr'>assumunt,</span> <span class='ocrx_word' id='word_1_6' title='bbox 516 570 693 642; x_wconf 86' lang='lat' dir='ltr'>quocum</span> <span class='ocrx_word' id='word_1_7' title='bbox 716 549 842 625; x_wconf 87' lang='lat' dir='ltr'>dicunt</span> <span class='ocrx_word' id='word_1_8' title='bbox 866 572 886 625; x_wconf 83' lang='lat' dir='ltr'>c</span> <span class='ocrx_word' id='word_1_9' title='bbox 910 551 1079 631; x_wconf 87' lang='lat' dir='ltr'>Domino</span> <span class='ocrx_word' id='word_1_10' title='bbox 1105 551 1149 628; x_wconf 78' lang='lat' dir='ltr'>dr</span> <span class='ocrx_word' id='word_1_11' title='bbox 1173 540 1359 653; x_wconf 62' lang='lat' dir='ltr'>urecogni·</span> 
     </span>
     <span class='ocr_line' id='line_1_3' title="bbox 291 649 1356 747; baseline 0.004 -21"><span class='ocrx_word' id='word_1_12' title='bbox 291 667 368 727; x_wconf 89' lang='lat' dir='ltr'>tum</span> <span class='ocrx_word' id='word_1_13' title='bbox 387 651 620 742; x_wconf 70' lang='lat' dir='ltr'>assumptum,</span> <span class='ocrx_word' id='word_1_14' title='bbox 647 649 882 746; x_wconf 83' lang='lat' dir='ltr'>&amp;cognitum</span> <span class='ocrx_word' id='word_1_15' title='bbox 897 653 1092 734; x_wconf 73' lang='lat' dir='ltr'>toleratum</span> <span class='ocrx_word' id='word_1_16' title='bbox 1101 674 1236 742; x_wconf 85' lang='lat' dir='ltr'>;-·cunr</span> <span class='ocrx_word' id='word_1_17' title='bbox 1248 660 1356 747; x_wconf 80' lang='lat' dir='ltr'>utiquo</span> 
     </span>
     <span class='ocr_line' id='line_1_4' title="bbox 288 747 1354 849; baseline 0 -22"><span class='ocrx_word' id='word_1_18' title='bbox 288 752 363 828; x_wconf 86' lang='lat' dir='ltr'>fine</span> <span class='ocrx_word' id='word_1_19' title='bbox 380 750 587 844; x_wconf 79' lang='lat' dir='ltr'>prejudicio</span> <span class='ocrx_word' id='word_1_20' title='bbox 605 747 915 841; x_wconf 16' lang='lat' dir='ltr'>prescientiaeusuae</span> <span class='ocrx_word' id='word_1_21' title='bbox 927 750 1112 825; x_wconf 75' lang='lat' dir='ltr'>Dominus</span> <span class='ocrx_word' id='word_1_22' title='bbox 1125 750 1296 828; x_wconf 73' lang='lat' dir='ltr'>christus</span> <span class='ocrx_word' id='word_1_23' title='bbox 1307 755 1354 849; x_wconf 88' lang='lat' dir='ltr'>Ju-</span> 
     </span>
     <span class='ocr_line' id='line_1_5' title="bbox 290 846 1414 950; baseline 0.004 -26"><span class='ocrx_word' id='word_1_24' title='bbox 290 852 370 925; x_wconf 83' lang='lat' dir='ltr'>dam</span> <span class='ocrx_word' id='word_1_25' title='bbox 394 854 431 922; x_wconf 89' lang='lat' dir='ltr'>in</span> <span class='ocrx_word' id='word_1_26' title='bbox 454 846 714 942; x_wconf 83' lang='lat' dir='ltr'>Apostolorum</span> <span class='ocrx_word' id='word_1_27' title='bbox 742 868 932 922; x_wconf 87' lang='lat' dir='ltr'>numerum</span> <span class='ocrx_word' id='word_1_28' title='bbox 960 848 1215 945; x_wconf 76' lang='lat' dir='ltr'>aiiumpserit,</span> <span class='ocrx_word' id='word_1_29' title='bbox 1251 856 1354 950; x_wconf 83' lang='lat' dir='ltr'>cogui-</span> <span class='ocrx_word' id='word_1_30' title='bbox 1413 896 1414 937; x_wconf 75' lang='lat'><em>3</em></span> 
     </span>
     <span class='ocr_line' id='line_1_6' title="bbox 290 947 1414 1048; baseline 0.009 -25"><span class='ocrx_word' id='word_1_31' title='bbox 290 965 368 1024; x_wconf 89' lang='lat' dir='ltr'>tum</span> <span class='ocrx_word' id='word_1_32' title='bbox 390 947 611 1038; x_wconf 74' lang='lat' dir='ltr'>caremihi,</span> <span class='ocrx_word' id='word_1_33' title='bbox 638 967 714 1019; x_wconf 91' lang='lat' dir='ltr'>non</span> <span class='ocrx_word' id='word_1_34' title='bbox 730 948 962 1042; x_wconf 81' lang='lat' dir='ltr'>hominibus‚&#39;</span> <span class='ocrx_word' id='word_1_35' title='bbox 985 951 1059 1023; x_wconf 90' lang='lat' dir='ltr'>hoc</span> <span class='ocrx_word' id='word_1_36' title='bbox 1079 955 1235 1027; x_wconf 83' lang='lat' dir='ltr'>ratione</span> <span class='ocrx_word' id='word_1_37' title='bbox 1251 970 1354 1048; x_wconf 82' lang='lat' dir='ltr'>pertu-</span> <span class='ocrx_word' id='word_1_38' title='bbox 1413 992 1414 1033; x_wconf 89' lang='grc'>;</span> 
     </span>
     <span class='ocr_line' id='line_1_7' title="bbox 288 1045 1414 1141; baseline 0.003 -18"><span class='ocrx_word' id='word_1_39' title='bbox 288 1051 395 1139; x_wconf 85' lang='lat' dir='ltr'>ierit,</span> <span class='ocrx_word' id='word_1_40' title='bbox 423 1047 542 1139; x_wconf 80' lang='lat' dir='ltr'>qur&amp;</span> <span class='ocrx_word' id='word_1_41' title='bbox 563 1047 673 1141; x_wconf 86' lang='lat' dir='ltr'>hodie</span> <span class='ocrx_word' id='word_1_42' title='bbox 689 1045 854 1140; x_wconf 84' lang='lat' dir='ltr'>perferre</span> <span class='ocrx_word' id='word_1_43' title='bbox 872 1048 1013 1121; x_wconf 88' lang='lat' dir='ltr'>videtur</span> <span class='ocrx_word' id='word_1_44' title='bbox 1029 1052 1227 1131; x_wconf 83' lang='lat' dir='ltr'>occultos.</span> <span class='ocrx_word' id='word_1_45' title='bbox 1276 1052 1353 1125; x_wconf 79' lang='lat' dir='ltr'>sm·-</span> <span class='ocrx_word' id='word_1_46' title='bbox 1411 1086 1414 1134; x_wconf 72' lang='lat'>1</span> 
     </span>
     <span class='ocr_line' id='line_1_8' title="bbox 288 1143 1352 1250; baseline 0.002 -29"><span class='ocrx_word' id='word_1_47' title='bbox 288 1163 391 1244; x_wconf 87' lang='lat' dir='ltr'>ptum</span> <span class='ocrx_word' id='word_1_48' title='bbox 414 1143 464 1218; x_wconf 90' lang='lat' dir='ltr'>est</span> <span class='ocrx_word' id='word_1_49' title='bbox 489 1147 603 1219; x_wconf 86' lang='lat' dir='ltr'>enim:</span> <span class='ocrx_word' id='word_1_50' title='bbox 629 1148 712 1238; x_wconf 74' lang='lat' dir='ltr'>Qua</span> <span class='ocrx_word' id='word_1_51' title='bbox 730 1148 848 1217; x_wconf 68' lang='lat' dir='ltr'>oculta</span> <span class='ocrx_word' id='word_1_52' title='bbox 871 1149 948 1233; x_wconf 78' lang='lat' dir='ltr'>[unt</span> <span class='ocrx_word' id='word_1_53' title='bbox 970 1149 1072 1235; x_wconf 82' lang='lat' dir='ltr'>milti,</span> <span class='ocrx_word' id='word_1_54' title='bbox 1097 1176 1177 1246; x_wconf 83' lang='lat' dir='ltr'>quae</span> <span class='ocrx_word' id='word_1_55' title='bbox 1198 1153 1352 1250; x_wconf 62' lang='lat' dir='ltr'>manifeste</span> 
     </span>
     <span class='ocr_line' id='line_1_9' title="bbox 289 1243 1353 1352; baseline 0.006 -33"><span class='ocrx_word' id='word_1_56' title='bbox 289 1250 379 1319; x_wconf 83' lang='lat' dir='ltr'>vobis</span> <span class='ocrx_word' id='word_1_57' title='bbox 399 1243 532 1336; x_wconf 69' lang='lat' dir='ltr'>&amp;filiis</span> <span class='ocrx_word' id='word_1_58' title='bbox 547 1245 670 1340; x_wconf 61' lang='lat' dir='ltr'>ordiris.</span> <span class='ocrx_word' id='word_1_59' title='bbox 718 1245 759 1318; x_wconf 90' lang='lat' dir='ltr'>ln</span> <span class='ocrx_word' id='word_1_60' title='bbox 778 1244 938 1319; x_wconf 80' lang='lat' dir='ltr'>Psalmis:</span> <span class='ocrx_word' id='word_1_61' title='bbox 972 1248 1093 1321; x_wconf 74' lang='lat' dir='ltr'>Nonne</span> <span class='ocrx_word' id='word_1_62' title='bbox 1109 1254 1211 1323; x_wconf 84' lang='lat' dir='ltr'>Deru</span> <span class='ocrx_word' id='word_1_63' title='bbox 1227 1259 1353 1352; x_wconf 76' lang='lat' dir='ltr'>inquiro</span> 
     </span>
     <span class='ocr_line' id='line_1_10' title="bbox 288 1345 1352 1446; baseline 0.007 -29"><span class='ocrx_word' id='word_1_64' title='bbox 288 1345 370 1446; x_wconf 72' lang='lat' dir='ltr'>isio?</span> <span class='ocrx_word' id='word_1_65' title='bbox 393 1353 455 1441; x_wconf 73' lang='lat' dir='ltr'>iple</span> <span class='ocrx_word' id='word_1_66' title='bbox 467 1353 552 1415; x_wconf 79' lang='lat' dir='ltr'>roim</span> <span class='ocrx_word' id='word_1_67' title='bbox 560 1348 625 1433; x_wconf 81' lang='lat' dir='ltr'>scit</span> <span class='ocrx_word' id='word_1_68' title='bbox 636 1348 772 1416; x_wconf 74' lang='lat' dir='ltr'>larentia</span> <span class='ocrx_word' id='word_1_69' title='bbox 784 1349 896 1421; x_wconf 77' lang='lat' dir='ltr'>cordis.</span> <span class='ocrx_word' id='word_1_70' title='bbox 938 1345 980 1420; x_wconf 88' lang='lat' dir='ltr'>ln</span> <span class='ocrx_word' id='word_1_71' title='bbox 994 1346 1242 1444; x_wconf 81' lang='lat' dir='ltr'>Regnorum:</span> <span class='ocrx_word' id='word_1_72' title='bbox 1270 1360 1352 1425; x_wconf 78' lang='lat' dir='ltr'>Hom</span> 
     </span>
     <span class='ocr_line' id='line_1_11' title="bbox 219 1444 1353 1548; baseline 0.006 -28"><span class='ocrx_word' id='word_1_73' title='bbox 219 1484 222 1495; x_wconf 94' lang='lat'>·</span> <span class='ocrx_word' id='word_1_74' title='bbox 288 1452 380 1521; x_wconf 79' lang='lat' dir='ltr'>vider</span> <span class='ocrx_word' id='word_1_75' title='bbox 400 1444 555 1535; x_wconf 67' lang='lat' dir='ltr'>iusticie,</span> <span class='ocrx_word' id='word_1_76' title='bbox 584 1448 673 1516; x_wconf 82' lang='lat' dir='ltr'>Deus</span> <span class='ocrx_word' id='word_1_77' title='bbox 694 1462 797 1515; x_wconf 82' lang='lat' dir='ltr'>aurem</span> <span class='ocrx_word' id='word_1_78' title='bbox 818 1447 909 1517; x_wconf 79' lang='lat' dir='ltr'>uidet</span> <span class='ocrx_word' id='word_1_79' title='bbox 931 1453 969 1517; x_wconf 82' lang='lat' dir='ltr'>iu</span> <span class='ocrx_word' id='word_1_80' title='bbox 987 1450 1087 1523; x_wconf 79' lang='lat' dir='ltr'>corde.</span> <span class='ocrx_word' id='word_1_81' title='bbox 1143 1448 1199 1524; x_wconf 88' lang='lat' dir='ltr'>Et</span> <span class='ocrx_word' id='word_1_82' title='bbox 1214 1457 1255 1525; x_wconf 86' lang='lat' dir='ltr'>in</span> <span class='ocrx_word' id='word_1_83' title='bbox 1269 1453 1353 1548; x_wconf 82' lang='lat' dir='ltr'>Apo·</span> 
     </span>
     <span class='ocr_line' id='line_1_12' title="bbox 288 1546 1352 1644; baseline 0.004 -24"><span class='ocrx_word' id='word_1_84' title='bbox 288 1546 442 1640; x_wconf 79' lang='lat' dir='ltr'>calypsr:</span> <span class='ocrx_word' id='word_1_85' title='bbox 481 1546 526 1616; x_wconf 84' lang='lat' dir='ltr'>Er</span> <span class='ocrx_word' id='word_1_86' title='bbox 537 1546 643 1634; x_wconf 81' lang='lat' dir='ltr'>scient</span> <span class='ocrx_word' id='word_1_87' title='bbox 660 1570 764 1615; x_wconf 81' lang='lat' dir='ltr'>omnes</span> <span class='ocrx_word' id='word_1_88' title='bbox 785 1546 937 1642; x_wconf 78' lang='lat' dir='ltr'>Ecclestae,</span> <span class='ocrx_word' id='word_1_89' title='bbox 962 1552 1109 1642; x_wconf 82' lang='lat' dir='ltr'>quoniam</span> <span class='ocrx_word' id='word_1_90' title='bbox 1128 1574 1185 1644; x_wconf 84' lang='lat' dir='ltr'>ego</span> <span class='ocrx_word' id='word_1_91' title='bbox 1204 1554 1276 1638; x_wconf 76' lang='lat' dir='ltr'>[um</span> <span class='ocrx_word' id='word_1_92' title='bbox 1284 1558 1352 1639; x_wconf 76' lang='lat' dir='ltr'>serr·</span> 
     </span>
     <span class='ocr_line' id='line_1_13' title="bbox 286 1644 1351 1747; baseline 0.008 -30"><span class='ocrx_word' id='word_1_93' title='bbox 286 1661 377 1725; x_wconf 71' lang='lat' dir='ltr'>tator</span> <span class='ocrx_word' id='word_1_94' title='bbox 396 1670 505 1716; x_wconf 81' lang='lat' dir='ltr'>renum</span> <span class='ocrx_word' id='word_1_95' title='bbox 521 1654 558 1719; x_wconf 80' lang='lat' dir='ltr'>cr</span> <span class='ocrx_word' id='word_1_96' title='bbox 576 1650 684 1719; x_wconf 85' lang='lat' dir='ltr'>cordis.</span> <span class='ocrx_word' id='word_1_97' title='bbox 737 1644 915 1738; x_wconf 86' lang='lat' dir='ltr'>Denique¹</span> <span class='ocrx_word' id='word_1_98' title='bbox 926 1645 1091 1721; x_wconf 87' lang='lat' dir='ltr'>Domino</span> <span class='ocrx_word' id='word_1_99' title='bbox 1107 1668 1200 1725; x_wconf 88' lang='lat' dir='ltr'>cum</span> <span class='ocrx_word' id='word_1_100' title='bbox 1217 1651 1351 1747; x_wconf 86' lang='lat' dir='ltr'>discipu·</span> 
     </span>
     <span class='ocr_line' id='line_1_14' title="bbox 286 1744 1353 1841; baseline 0.005 -20"><span class='ocrx_word' id='word_1_101' title='bbox 286 1749 331 1821; x_wconf 83' lang='lat' dir='ltr'>iis</span> <span class='ocrx_word' id='word_1_102' title='bbox 346 1748 580 1821; x_wconf 87' lang='lat' dir='ltr'>recumbente</span> <span class='ocrx_word' id='word_1_103' title='bbox 599 1744 632 1817; x_wconf 70' lang='grc' dir='ltr'><strong>ἃ</strong></span> <span class='ocrx_word' id='word_1_104' title='bbox 648 1745 803 1817; x_wconf 86' lang='lat' dir='ltr'>dicente:</span> <span class='ocrx_word' id='word_1_105' title='bbox 827 1749 919 1815; x_wconf 84' lang='lat' dir='ltr'>Unus</span> <span class='ocrx_word' id='word_1_106' title='bbox 933 1771 972 1815; x_wconf 83' lang='lat' dir='ltr'>ex</span> <span class='ocrx_word' id='word_1_107' title='bbox 986 1746 1074 1816; x_wconf 79' lang='lat' dir='ltr'>vodis</span> <span class='ocrx_word' id='word_1_108' title='bbox 1090 1771 1142 1818; x_wconf 82' lang='lat' dir='ltr'>me</span> <span class='ocrx_word' id='word_1_109' title='bbox 1157 1756 1292 1841; x_wconf 78' lang='lat' dir='ltr'>trader,</span> <span class='ocrx_word' id='word_1_110' title='bbox 1315 1766 1353 1826; x_wconf 85' lang='lat' dir='ltr'>rt·</span> 
     </span>
     <span class='ocr_line' id='line_1_15' title="bbox 288 1844 1354 1943; baseline 0.004 -26"><span class='ocrx_word' id='word_1_111' title='bbox 288 1867 359 1937; x_wconf 91' lang='lat' dir='ltr'>que</span> <span class='ocrx_word' id='word_1_112' title='bbox 371 1845 613 1938; x_wconf 88' lang='lat' dir='ltr'>respondente</span> <span class='ocrx_word' id='word_1_113' title='bbox 628 1844 757 1918; x_wconf 90' lang='lat' dir='ltr'>eodem</span> <span class='ocrx_word' id='word_1_114' title='bbox 766 1845 870 1939; x_wconf 83' lang='lat' dir='ltr'>Juda‚</span> <span class='ocrx_word' id='word_1_115' title='bbox 887 1848 1057 1943; x_wconf 79' lang='lat' dir='ltr'><em>Numquid</em></span> <span class='ocrx_word' id='word_1_116' title='bbox 1069 1849 1206 1939; x_wconf 76' lang='lat' dir='ltr'>egofirm</span> <span class='ocrx_word' id='word_1_117' title='bbox 1220 1857 1354 1933; x_wconf 74' lang='lat' dir='ltr'>Damio,</span> 
     </span>
     <span class='ocr_line' id='line_1_16' title="bbox 287 1937 1354 2042; baseline 0.006 -25"><span class='ocrx_word' id='word_1_118' title='bbox 287 1944 527 2018; x_wconf 83' lang='lat' dir='ltr'>&amp;abeodem</span> <span class='ocrx_word' id='word_1_119' title='bbox 547 1944 708 2017; x_wconf 83' lang='lat' dir='ltr'>Domino</span> <span class='ocrx_word' id='word_1_120' title='bbox 726 1944 887 2024; x_wconf 82' lang='lat' dir='ltr'>audiret,</span> <span class='ocrx_word' id='word_1_121' title='bbox 911 1937 961 2017; x_wconf 81' lang='lat' dir='ltr'>Tu</span> <span class='ocrx_word' id='word_1_122' title='bbox 973 1947 1099 2042; x_wconf 73' lang='lat' dir='ltr'>dixrfli,</span> <span class='ocrx_word' id='word_1_123' title='bbox 1127 1950 1318 2027; x_wconf 75' lang='lat' dir='ltr'>detedium</span> <span class='ocrx_word' id='word_1_124' title='bbox 1330 1951 1354 2024; x_wconf 85' lang='lat' dir='ltr'>ie</span> 
     </span>
     <span class='ocr_line' id='line_1_17' title="bbox 286 2042 1354 2144; baseline 0.01 -30"><span class='ocrx_word' id='word_1_125' title='bbox 286 2046 454 2139; x_wconf 84' lang='lat' dir='ltr'>protinus</span> <span class='ocrx_word' id='word_1_126' title='bbox 470 2043 597 2117; x_wconf 89' lang='lat' dir='ltr'>videns</span> <span class='ocrx_word' id='word_1_127' title='bbox 615 2042 783 2116; x_wconf 82' lang='lat' dir='ltr'>confusus</span> <span class='ocrx_word' id='word_1_128' title='bbox 800 2043 979 2136; x_wconf 66' lang='lat' dir='ltr'>obsedit,</span> <span class='ocrx_word' id='word_1_129' title='bbox 998 2043 1057 2118; x_wconf 89' lang='lat' dir='ltr'>sed</span> <span class='ocrx_word' id='word_1_130' title='bbox 1071 2065 1158 2119; x_wconf 90' lang='lat' dir='ltr'>curn</span> <span class='ocrx_word' id='word_1_131' title='bbox 1175 2050 1255 2144; x_wconf 87' lang='lat' dir='ltr'>ipsa</span> <span class='ocrx_word' id='word_1_132' title='bbox 1276 2050 1354 2143; x_wconf 82' lang='lat' dir='ltr'>post·</span> 
     </span>
     <span class='ocr_line' id='line_1_18' title="bbox 284 2141 1356 2225; baseline 0.005 -7"><span class='ocrx_word' id='word_1_133' title='bbox 284 2143 434 2219; x_wconf 88' lang='lat' dir='ltr'>modum</span> <span class='ocrx_word' id='word_1_134' title='bbox 450 2147 555 2214; x_wconf 81' lang='lat' dir='ltr'>turba</span> <span class='ocrx_word' id='word_1_135' title='bbox 570 2143 612 2213; x_wconf 83' lang='lat' dir='ltr'>ad</span> <span class='ocrx_word' id='word_1_136' title='bbox 626 2141 838 2215; x_wconf 85' lang='lat' dir='ltr'>tradendum</span> <span class='ocrx_word' id='word_1_137' title='bbox 851 2143 1049 2219; x_wconf 88' lang='lat' dir='ltr'>Dominum</span> <span class='ocrx_word' id='word_1_138' title='bbox 1066 2148 1188 2223; x_wconf 88' lang='lat' dir='ltr'>venit.</span> <span class='ocrx_word' id='word_1_139' title='bbox 1220 2153 1356 2225; x_wconf 80' lang='lat' dir='ltr'>vadant</span> 
     </span>
     <span class='ocr_line' id='line_1_19' title="bbox 218 2240 1356 2340; baseline 0.023 -41"><span class='ocrx_word' id='word_1_140' title='bbox 218 2292 222 2299; x_wconf 87' lang='lat'>.</span> <span class='ocrx_word' id='word_1_141' title='bbox 286 2263 377 2340; x_wconf 81' lang='lat' dir='ltr'>ergo</span> <span class='ocrx_word' id='word_1_142' title='bbox 400 2262 480 2317; x_wconf 88' lang='lat' dir='ltr'>cum</span> <span class='ocrx_word' id='word_1_143' title='bbox 503 2240 567 2313; x_wconf 87' lang='lat' dir='ltr'>suo</span> <span class='ocrx_word' id='word_1_144' title='bbox 579 2241 668 2334; x_wconf 84' lang='lat' dir='ltr'>Juda</span> <span class='ocrx_word' id='word_1_145' title='bbox 692 2255 850 2335; x_wconf 86' lang='lat' dir='ltr'>patrono</span> <span class='ocrx_word' id='word_1_146' title='bbox 868 2244 1000 2317; x_wconf 86' lang='lat' dir='ltr'>inimici</span> <span class='ocrx_word' id='word_1_147' title='bbox 1016 2244 1217 2319; x_wconf 87' lang='lat' dir='ltr'>dominicae</span> <span class='ocrx_word' id='word_1_148' title='bbox 1236 2267 1356 2325; x_wconf 79' lang='lat' dir='ltr'>v.:rrtr·</span> 
     </span>
     <span class='ocr_line' id='line_1_20' title="bbox 285 2338 1357 2434; baseline 0.007 -19"><span class='ocrx_word' id='word_1_149' title='bbox 285 2345 355 2434; x_wconf 84' lang='lat' dir='ltr'>tis,</span> <span class='ocrx_word' id='word_1_150' title='bbox 382 2342 442 2434; x_wconf 91' lang='lat' dir='ltr'>qui</span> <span class='ocrx_word' id='word_1_151' title='bbox 459 2339 522 2414; x_wconf 89' lang='lat' dir='ltr'>suo</span> <span class='ocrx_word' id='word_1_152' title='bbox 541 2361 644 2415; x_wconf 88' lang='lat' dir='ltr'>more</span> <span class='ocrx_word' id='word_1_153' title='bbox 657 2338 856 2413; x_wconf 84' lang='lat' dir='ltr'>defendere</span> <span class='ocrx_word' id='word_1_154' title='bbox 870 2363 952 2414; x_wconf 88' lang='lat' dir='ltr'>reos</span> <span class='ocrx_word' id='word_1_155' title='bbox 971 2342 1280 2422; x_wconf 84' lang='lat' dir='ltr'>manifestiffimos</span> <span class='ocrx_word' id='word_1_156' title='bbox 1301 2354 1357 2422; x_wconf 71' lang='lat' dir='ltr'>eie</span> 
     </span>
     <span class='ocr_line' id='line_1_21' title="bbox 285 2438 1356 2535; baseline 0.005 -18"><span class='ocrx_word' id='word_1_157' title='bbox 285 2445 430 2517; x_wconf 86' lang='lat' dir='ltr'>borant.</span> <span class='ocrx_word' id='word_1_158' title='bbox 482 2441 574 2514; x_wconf 88' lang='lat' dir='ltr'>Item</span> <span class='ocrx_word' id='word_1_159' title='bbox 597 2441 640 2512; x_wconf 87' lang='lat' dir='ltr'>ad</span> <span class='ocrx_word' id='word_1_160' title='bbox 661 2438 902 2516; x_wconf 81' lang='lat' dir='ltr'>defenfionem</span> <span class='ocrx_word' id='word_1_161' title='bbox 927 2445 1075 2535; x_wconf 78' lang='lat' dir='ltr'>pollute</span> <span class='ocrx_word' id='word_1_162' title='bbox 1099 2449 1356 2535; x_wconf 73' lang='lat' dir='ltr'>permirtionir</span> 
     </span>
     <span class='ocr_line' id='line_1_22' title="bbox 284 2540 1355 2642; baseline 0.005 -27"><span class='ocrx_word' id='word_1_163' title='bbox 284 2541 354 2615; x_wconf 85' lang='lat' dir='ltr'>suae</span> <span class='ocrx_word' id='word_1_164' title='bbox 371 2542 484 2612; x_wconf 86' lang='lat' dir='ltr'>verba</span> <span class='ocrx_word' id='word_1_165' title='bbox 500 2540 668 2634; x_wconf 86' lang='lat' dir='ltr'>Apostoli</span> <span class='ocrx_word' id='word_1_166' title='bbox 684 2541 881 2634; x_wconf 87' lang='lat' dir='ltr'>objiciunt,</span> <span class='ocrx_word' id='word_1_167' title='bbox 910 2544 1037 2632; x_wconf 88' lang='lat' dir='ltr'>quibus</span> <span class='ocrx_word' id='word_1_168' title='bbox 1054 2542 1119 2612; x_wconf 87' lang='lat' dir='ltr'>ait:</span> <span class='ocrx_word' id='word_1_169' title='bbox 1149 2549 1239 2617; x_wconf 80' lang='lat' dir='ltr'>Sive</span> <span class='ocrx_word' id='word_1_170' title='bbox 1250 2572 1307 2642; x_wconf 78' lang='lat' dir='ltr'>per</span> <span class='ocrx_word' id='word_1_171' title='bbox 1320 2574 1355 2619; x_wconf 83' lang='lat' dir='ltr'>oc·</span> 
     </span>
     <span class='ocr_line' id='line_1_23' title="bbox 284 2640 1355 2741; baseline 0.007 -32"><span class='ocrx_word' id='word_1_172' title='bbox 284 2643 451 2737; x_wconf 71' lang='lat' dir='ltr'>castonem‚</span> <span class='ocrx_word' id='word_1_173' title='bbox 470 2641 607 2736; x_wconf 76' lang='lat' dir='ltr'>fiurper</span> <span class='ocrx_word' id='word_1_174' title='bbox 619 2646 790 2711; x_wconf 79' lang='lat' dir='ltr'>veritatem</span> <span class='ocrx_word' id='word_1_175' title='bbox 805 2640 982 2730; x_wconf 79' lang='lat' dir='ltr'>miserebor,</span> <span class='ocrx_word' id='word_1_176' title='bbox 1002 2649 1244 2738; x_wconf 81' lang='lat' dir='ltr'>quoniomfih&#39;i</span> <span class='ocrx_word' id='word_1_177' title='bbox 1256 2650 1355 2741; x_wconf 77' lang='lat' dir='ltr'>fomi-</span> 
     </span>
     <span class='ocr_line' id='line_1_24' title="bbox 284 2739 1355 2838; baseline 0.008 -26"><span class='ocrx_word' id='word_1_178' title='bbox 284 2747 420 2812; x_wconf 82' lang='lat' dir='ltr'>cationis</span> <span class='ocrx_word' id='word_1_179' title='bbox 430 2741 535 2831; x_wconf 82' lang='lat' dir='ltr'>sunt,</span> <span class='ocrx_word' id='word_1_180' title='bbox 562 2746 637 2835; x_wconf 82' lang='lat' dir='ltr'>quio</span> <span class='ocrx_word' id='word_1_181' title='bbox 654 2739 822 2829; x_wconf 83' lang='lat' dir='ltr'>fornicata</span> <span class='ocrx_word' id='word_1_182' title='bbox 843 2743 998 2838; x_wconf 52' lang='lat' dir='ltr'>esi&#39;nrnrer</span> <span class='ocrx_word' id='word_1_183' title='bbox 1018 2744 1178 2837; x_wconf 82' lang='lat' dir='ltr'>ipsorum,</span> <span class='ocrx_word' id='word_1_184' title='bbox 1205 2749 1355 2821; x_wconf 84' lang='lat' dir='ltr'>dedecoro·</span> 
     </span>
     <span class='ocr_line' id='line_1_25' title="bbox 282 2836 1354 2945; baseline 0.009 -35"><span class='ocrx_word' id='word_1_185' title='bbox 282 2849 340 2910; x_wconf 83' lang='lat' dir='ltr'>vit</span> <span class='ocrx_word' id='word_1_186' title='bbox 353 2865 418 2926; x_wconf 86' lang='lat' dir='ltr'>eor,</span> <span class='ocrx_word' id='word_1_187' title='bbox 444 2866 511 2936; x_wconf 84' lang='lat' dir='ltr'>quae</span> <span class='ocrx_word' id='word_1_188' title='bbox 525 2845 643 2933; x_wconf 81' lang='lat' dir='ltr'>peperit</span> <span class='ocrx_word' id='word_1_189' title='bbox 657 2864 714 2914; x_wconf 82' lang='lat' dir='ltr'>eos.</span> <span class='ocrx_word' id='word_1_190' title='bbox 751 2836 798 2910; x_wconf 84' lang='lat' dir='ltr'>Et</span> <span class='ocrx_word' id='word_1_191' title='bbox 822 2841 860 2911; x_wconf 90' lang='lat' dir='ltr'>in</span> <span class='ocrx_word' id='word_1_192' title='bbox 879 2841 984 2913; x_wconf 79' lang='lat' dir='ltr'>lsaia‘:</span> <span class='ocrx_word' id='word_1_193' title='bbox 1009 2845 1174 2933; x_wconf 81' lang='lat' dir='ltr'>Quomodo</span> <span class='ocrx_word' id='word_1_194' title='bbox 1190 2851 1354 2945; x_wconf 80' lang='lat' dir='ltr'>vestimen·</span> 
     </span>
     <span class='ocr_line' id='line_1_26' title="bbox 282 2939 1354 3034; baseline 0.012 -26"><span class='ocrx_word' id='word_1_195' title='bbox 282 2958 354 3014; x_wconf 73' lang='lat' dir='ltr'>tum</span> <span class='ocrx_word' id='word_1_196' title='bbox 375 2941 564 3034; x_wconf 82' lang='lat' dir='ltr'>conspersum</span> <span class='ocrx_word' id='word_1_197' title='bbox 589 2945 626 3007; x_wconf 83' lang='lat' dir='ltr'>iu</span> <span class='ocrx_word' id='word_1_198' title='bbox 643 2939 797 3029; x_wconf 75' lang='lat' dir='ltr'>fhoguine</span> <span class='ocrx_word' id='word_1_199' title='bbox 815 2964 878 3008; x_wconf 82' lang='lat' dir='ltr'>uon</span> <span class='ocrx_word' id='word_1_200' title='bbox 899 2947 962 3010; x_wconf 81' lang='lat' dir='ltr'>erit</span> <span class='ocrx_word' id='word_1_201' title='bbox 979 2947 1158 3031; x_wconf 61' lang='lat' dir='ltr'>mundum</span> <span class='ocrx_word' id='word_1_202' title='bbox 1178 2952 1231 3017; x_wconf 84' lang='lat' dir='ltr'>ita</span> <span class='ocrx_word' id='word_1_203' title='bbox 1252 2976 1308 3020; x_wconf 82' lang='lat' dir='ltr'>nec</span> <span class='ocrx_word' id='word_1_204' title='bbox 1324 2967 1354 3020; x_wconf 84' lang='lat' dir='ltr'>u</span> 
     </span>
     <span class='ocr_line' id='line_1_27' title="bbox 280 3044 1353 3137; baseline 0.006 -25"><span class='ocrx_word' id='word_1_205' title='bbox 280 3047 345 3112; x_wconf 83' lang='lat' dir='ltr'>eris</span> <span class='ocrx_word' id='word_1_206' title='bbox 375 3045 534 3125; x_wconf 77' lang='lat' dir='ltr'>muudus,</span> <span class='ocrx_word' id='word_1_207' title='bbox 570 3045 627 3133; x_wconf 84' lang='lat' dir='ltr'>qui</span> <span class='ocrx_word' id='word_1_208' title='bbox 649 3056 767 3109; x_wconf 80' lang='lat' dir='ltr'>terram</span> <span class='ocrx_word' id='word_1_209' title='bbox 789 3066 886 3109; x_wconf 83' lang='lat' dir='ltr'>meam</span> <span class='ocrx_word' id='word_1_210' title='bbox 909 3044 1085 3137; x_wconf 64' lang='lat' dir='ltr'>perdidrssr&#39;,</span> <span class='ocrx_word' id='word_1_211' title='bbox 1114 3046 1238 3122; x_wconf 72' lang='lat' dir='ltr'>plebem</span> <span class='ocrx_word' id='word_1_212' title='bbox 1266 3073 1353 3121; x_wconf 74' lang='lat' dir='ltr'>meon</span> 
     </span>
     <span class='ocr_line' id='line_1_28' title="bbox 281 3140 1353 3247; baseline 0.009 -35"><span class='ocrx_word' id='word_1_213' title='bbox 281 3141 416 3237; x_wconf 76' lang='lat' dir='ltr'>occidisti</span> <span class='ocrx_word' id='word_1_214' title='bbox 426 3166 437 3207; x_wconf 87' lang='lat'>.·</span> <span class='ocrx_word' id='word_1_215' title='bbox 462 3165 528 3210; x_wconf 80' lang='lat' dir='ltr'>noo</span> <span class='ocrx_word' id='word_1_216' title='bbox 546 3140 682 3209; x_wconf 79' lang='lat' dir='ltr'>monebis</span> <span class='ocrx_word' id='word_1_217' title='bbox 702 3148 738 3208; x_wconf 83' lang='lat' dir='ltr'>io</span> <span class='ocrx_word' id='word_1_218' title='bbox 755 3157 908 3208; x_wconf 72' lang='lat' dir='ltr'>eternum</span> <span class='ocrx_word' id='word_1_219' title='bbox 927 3160 1063 3235; x_wconf 83' lang='lat' dir='ltr'>tempus,</span> <span class='ocrx_word' id='word_1_220' title='bbox 1086 3146 1198 3229; x_wconf 77' lang='lat' dir='ltr'>semen</span> <span class='ocrx_word' id='word_1_221' title='bbox 1212 3175 1353 3247; x_wconf 75' lang='lat' dir='ltr'>neqeunt.</span> 
     </span>
     <span class='ocr_line' id='line_1_29' title="bbox 284 3241 1353 3334; baseline 0.007 -22"><span class='ocrx_word' id='word_1_222' title='bbox 284 3244 370 3312; x_wconf 83' lang='lat' dir='ltr'>Poro</span> <span class='ocrx_word' id='word_1_223' title='bbox 382 3241 472 3330; x_wconf 74' lang='lat' dir='ltr'>filios</span> <span class='ocrx_word' id='word_1_224' title='bbox 491 3257 560 3309; x_wconf 77' lang='lat' dir='ltr'>tuos</span> <span class='ocrx_word' id='word_1_225' title='bbox 584 3243 722 3328; x_wconf 77' lang='lat' dir='ltr'>interfici</span> <span class='ocrx_word' id='word_1_226' title='bbox 741 3247 870 3323; x_wconf 72' lang='lat' dir='ltr'>percotis</span> <span class='ocrx_word' id='word_1_227' title='bbox 888 3259 990 3334; x_wconf 73' lang='lat' dir='ltr'>patris</span> <span class='ocrx_word' id='word_1_228' title='bbox 1008 3244 1084 3328; x_wconf 77' lang='lat' dir='ltr'>lui,</span> <span class='ocrx_word' id='word_1_229' title='bbox 1116 3261 1157 3313; x_wconf 81' lang='lat' dir='ltr'>ut</span> <span class='ocrx_word' id='word_1_230' title='bbox 1178 3272 1251 3318; x_wconf 82' lang='lat' dir='ltr'>non</span> <span class='ocrx_word' id='word_1_231' title='bbox 1270 3274 1353 3322; x_wconf 84' lang='lat' dir='ltr'>exur-</span> 
     </span>
     <span class='ocr_line' id='line_1_30' title="bbox 275 3337 1353 3441; baseline -0.003 -31"><span class='ocrx_word' id='word_1_232' title='bbox 275 3357 370 3434; x_wconf 79' lang='lat' dir='ltr'>gant.</span> <span class='ocrx_word' id='word_1_233' title='bbox 424 3337 472 3410; x_wconf 86' lang='lat' dir='ltr'>Et</span> <span class='ocrx_word' id='word_1_234' title='bbox 494 3341 531 3410; x_wconf 89' lang='lat' dir='ltr'>in</span> <span class='ocrx_word' id='word_1_235' title='bbox 555 3338 759 3434; x_wconf 83' lang='lat' dir='ltr'>Regnorum</span> <span class='ocrx_word' id='word_1_236' title='bbox 782 3341 875 3409; x_wconf 91' lang='lat' dir='ltr'>iibro</span> <span class='ocrx_word' id='word_1_237' title='bbox 899 3342 1030 3411; x_wconf 80' lang='lat' dir='ltr'>tertior</span> <span class='ocrx_word' id='word_1_238' title='bbox 1069 3344 1115 3412; x_wconf 85' lang='lat' dir='ltr'>Et</span> <span class='ocrx_word' id='word_1_239' title='bbox 1135 3346 1284 3441; x_wconf 77' lang='lat' dir='ltr'>deposuit</span> <span class='ocrx_word' id='word_1_240' title='bbox 1302 3355 1353 3422; x_wconf 77' lang='lat' dir='ltr'>Sa.</span> 
     </span>
     <span class='ocr_line' id='line_1_31' title="bbox 279 3439 1352 3536; baseline 0.007 -23"><span class='ocrx_word' id='word_1_241' title='bbox 279 3443 384 3513; x_wconf 72' lang='lat' dir='ltr'>leucon</span> <span class='ocrx_word' id='word_1_242' title='bbox 401 3440 561 3509; x_wconf 76' lang='lat' dir='ltr'>Abiaroar</span> <span class='ocrx_word' id='word_1_243' title='bbox 581 3442 616 3507; x_wconf 85' lang='lat' dir='ltr'>de</span> <span class='ocrx_word' id='word_1_244' title='bbox 634 3439 805 3526; x_wconf 76' lang='lat' dir='ltr'>sacerdotio</span> <span class='ocrx_word' id='word_1_245' title='bbox 825 3443 981 3525; x_wconf 76' lang='lat' dir='ltr'>Domini,</span> <span class='ocrx_word' id='word_1_246' title='bbox 1018 3456 1056 3510; x_wconf 78' lang='lat' dir='ltr'>ut</span> <span class='ocrx_word' id='word_1_247' title='bbox 1079 3446 1262 3536; x_wconf 79' lang='lat' dir='ltr'>impleatur</span> <span class='ocrx_word' id='word_1_248' title='bbox 1287 3474 1352 3520; x_wconf 82' lang='lat' dir='ltr'>ver·</span> 
     </span>
     <span class='ocr_line' id='line_1_32' title="bbox 278 3539 1351 3645; baseline 0.007 -36"><span class='ocrx_word' id='word_1_249' title='bbox 278 3541 349 3609; x_wconf 77' lang='lat' dir='ltr'>bum</span> <span class='ocrx_word' id='word_1_250' title='bbox 371 3546 521 3619; x_wconf 80' lang='lat' dir='ltr'>Domini,</span> <span class='ocrx_word' id='word_1_251' title='bbox 546 3541 626 3635; x_wconf 81' lang='lat' dir='ltr'>quod</span> <span class='ocrx_word' id='word_1_252' title='bbox 641 3541 757 3606; x_wconf 82' lang='lat' dir='ltr'>locutus</span> <span class='ocrx_word' id='word_1_253' title='bbox 776 3539 816 3627; x_wconf 67' lang='lat' dir='ltr'>eli</span> <span class='ocrx_word' id='word_1_254' title='bbox 833 3543 868 3607; x_wconf 88' lang='lat' dir='ltr'>de</span> <span class='ocrx_word' id='word_1_255' title='bbox 886 3542 968 3608; x_wconf 83' lang='lat' dir='ltr'>domo</span> <span class='ocrx_word' id='word_1_256' title='bbox 982 3541 1056 3608; x_wconf 81' lang='lat' dir='ltr'>Heli</span> <span class='ocrx_word' id='word_1_257' title='bbox 1071 3547 1108 3609; x_wconf 86' lang='lat' dir='ltr'>in</span> <span class='ocrx_word' id='word_1_258' title='bbox 1127 3545 1250 3624; x_wconf 83' lang='lat' dir='ltr'>Selom.</span> <span class='ocrx_word' id='word_1_259' title='bbox 1280 3551 1351 3645; x_wconf 78' lang='lat' dir='ltr'>Jam</span> 
     </span>
     <span class='ocr_line' id='line_1_33' title="bbox 278 3637 1352 3740; baseline 0.011 -31"><span class='ocrx_word' id='word_1_260' title='bbox 278 3658 372 3710; x_wconf 80' lang='lat' dir='ltr'>vero</span> <span class='ocrx_word' id='word_1_261' title='bbox 389 3641 486 3729; x_wconf 86' lang='lat' dir='ltr'>quod</span> <span class='ocrx_word' id='word_1_262' title='bbox 505 3640 648 3724; x_wconf 75' lang='lat' dir='ltr'>dicunt,</span> <span class='ocrx_word' id='word_1_263' title='bbox 669 3639 886 3727; x_wconf 86' lang='lat' dir='ltr'>Baptismurn</span> <span class='ocrx_word' id='word_1_264' title='bbox 902 3637 1027 3710; x_wconf 83' lang='lat' dir='ltr'>Christi</span> <span class='ocrx_word' id='word_1_265' title='bbox 1045 3641 1093 3712; x_wconf 83' lang='lat' dir='ltr'>ita</span> <span class='ocrx_word' id='word_1_266' title='bbox 1113 3641 1293 3740; x_wconf 82' lang='lat' dir='ltr'>defendi,</span> <span class='ocrx_word' id='word_1_267' title='bbox 1319 3648 1352 3721; x_wconf 91' lang='lat' dir='ltr'>s1·</span> 
     </span>
     <span class='ocr_line' id='line_1_34' title="bbox 278 3736 1350 3832; baseline 0.011 -25"><span class='ocrx_word' id='word_1_268' title='bbox 278 3753 342 3808; x_wconf 80' lang='lat' dir='ltr'>cur</span> <span class='ocrx_word' id='word_1_269' title='bbox 362 3738 564 3811; x_wconf 85' lang='lat' dir='ltr'>defenditur</span> <span class='ocrx_word' id='word_1_270' title='bbox 587 3736 656 3828; x_wconf 82' lang='lat' dir='ltr'>ipsa</span> <span class='ocrx_word' id='word_1_271' title='bbox 676 3736 864 3808; x_wconf 83' lang='lat' dir='ltr'>Catholica</span> <span class='ocrx_word' id='word_1_272' title='bbox 893 3739 1077 3828; x_wconf 82' lang='lat' dir='ltr'>ubique&amp;</span> <span class='ocrx_word' id='word_1_273' title='bbox 1101 3745 1200 3832; x_wconf 78' lang='lat' dir='ltr'>apud</span> <span class='ocrx_word' id='word_1_274' title='bbox 1224 3766 1350 3822; x_wconf 78' lang='lat' dir='ltr'>omnes</span> 
     </span>
     <span class='ocr_line' id='line_1_35' title="bbox 276 3835 1351 3929; baseline 0.01 -20"><span class='ocrx_word' id='word_1_275' title='bbox 276 3835 371 3924; x_wconf 81' lang='lat' dir='ltr'>effe,</span> <span class='ocrx_word' id='word_1_276' title='bbox 406 3841 559 3910; x_wconf 87' lang='lat' dir='ltr'>decretis</span> <span class='ocrx_word' id='word_1_277' title='bbox 581 3836 720 3908; x_wconf 74' lang='lat' dir='ltr'>Parrum</span> <span class='ocrx_word' id='word_1_278' title='bbox 742 3835 946 3910; x_wconf 83' lang='lat' dir='ltr'>nostrorum</span> <span class='ocrx_word' id='word_1_279' title='bbox 971 3838 1178 3929; x_wconf 85' lang='lat' dir='ltr'>Martyrum</span> <span class='ocrx_word' id='word_1_280' title='bbox 1203 3847 1351 3920; x_wconf 76' lang='lat' dir='ltr'>beatisi-</span> 
     </span>
     <span class='ocr_line' id='line_1_36' title="bbox 273 3937 1351 4026; baseline 0.009 -19"><span class='ocrx_word' id='word_1_281' title='bbox 273 3955 417 4008; x_wconf 86' lang='lat' dir='ltr'>morum</span> <span class='ocrx_word' id='word_1_282' title='bbox 444 3937 664 4026; x_wconf 77' lang='lat' dir='ltr'>compendio</span> <span class='ocrx_word' id='word_1_283' title='bbox 686 3937 873 4008; x_wconf 76' lang='lat' dir='ltr'>brevitatis</span> <span class='ocrx_word' id='word_1_284' title='bbox 903 3938 1117 4014; x_wconf 80' lang='lat' dir='ltr'>excluditur.</span> <span class='ocrx_word' id='word_1_285' title='bbox 1179 3942 1279 4020; x_wconf 82' lang='lat' dir='ltr'>iilud</span> <span class='ocrx_word' id='word_1_286' title='bbox 1298 3968 1351 4018; x_wconf 81' lang='lat' dir='ltr'>au·</span> 
     </span>
     <span class='ocr_line' id='line_1_37' title="bbox 274 4035 1351 4143; baseline 0.009 -34"><span class='ocrx_word' id='word_1_287' title='bbox 274 4046 348 4111; x_wconf 80' lang='lat' dir='ltr'>tom</span> <span class='ocrx_word' id='word_1_288' title='bbox 365 4056 468 4131; x_wconf 86' lang='lat' dir='ltr'>quam</span> <span class='ocrx_word' id='word_1_289' title='bbox 483 4038 628 4112; x_wconf 84' lang='lat' dir='ltr'>incaute</span> <span class='ocrx_word' id='word_1_290' title='bbox 643 4035 933 4114; x_wconf 84' lang='lat' dir='ltr'>immemores-sui</span> <span class='ocrx_word' id='word_1_291' title='bbox 948 4039 1081 4113; x_wconf 85' lang='lat' dir='ltr'>inimici</span> <span class='ocrx_word' id='word_1_292' title='bbox 1099 4043 1276 4118; x_wconf 80' lang='lat' dir='ltr'>veritatis</span> <span class='ocrx_word' id='word_1_293' title='bbox 1292 4068 1351 4143; x_wconf 89' lang='lat' dir='ltr'>op·</span> 
     </span>
    </p>
   </div>
   <div class='ocr_carea' id='block_1_3' title="bbox 1114 4142 1303 4239">
    <p class='ocr_par' dir='ltr' id='par_1_3' title="bbox 1114 4142 1303 4239">
     <span class='ocr_line' id='line_1_38' title="bbox 1114 4142 1303 4239; baseline 0.032 -26"><span class='ocrx_word' id='word_1_294' title='bbox 1114 4142 1303 4239; x_wconf 49' lang='lat' dir='ltr'>nonnam,</span> 
     </span>
    </p>
   </div>
   <div class='ocr_carea' id='block_1_4' title="bbox 0 0 1604 4784">
    <p class='ocr_par' dir='ltr' id='par_1_4' title="bbox 0 0 1604 4784">
     <span class='ocr_line' id='line_1_39' title="bbox 0 0 1604 4784; baseline 0 3"><span class='ocrx_word' id='word_1_295' title='bbox 0 0 1604 4784; x_wconf 95' lang='lat' dir='ltr'> </span> 
     </span>
    </p>
   </div>
  </div>
 </body>
</html>
