3200 4784
518 409 671 486 490
1033 381 1690 460 Monumznu
1737 383 2176 465 Vna-nna

521 563 857 640 tempora
884 545 1430 619 concludantur.
1536 546 1818 644 Quibus
1855 546 2174 620 emensis
2217 559 2458 640 atque
2481 558 2618 620 trans·

521 647 691 722 aitis
742 647 789 720 fi
848 648 1241 738 provocati
1294 641 1523 717 adeffe
1580 645 2216 739 contempserint,
2285 648 2497 720 cedat
2525 669 2620 722 cum

518 745 856 820 Ecclefiis
902 746 1259 836 populus,
1314 747 1429 836 qui
1472 745 1807 817 doctores
1847 743 2012 818 suos
2059 747 2390 822 silentio
2429 768 2620 842 cogno-

518 850 715 920 verit
765 845 1179 940 superatoS,
1244 845 1312 916 δι
1360 843 1628 918 viatim
1677 843 1746 918 se
1799 846 2212 938 aliquando
2271 849 2623 942 gratulatu,

518 945 835 1035 sciatque
859 998 883 1036 ,
937 944 985 1018 si
1016 963 1168 1015 non
1200 945 1575 1036 praeceptis
1612 943 1914 1034 nostris,
1965 949 2098 1017 vel
2139 944 2625 1020 Catholicaele-

521 1049 628 1140 gis
677 1045 866 1116 veris
908 1043 1223 1135 imperiis
1270 1042 1738 1118 serviendum.
1842 1043 1974 1114 Cui
2026 1049 2362 1133 quidem
2405 1045 2628 1139 disputa·

518 1146 707 1218 tioni
775 1145 1097 1236 principe
1162 1145 1337 1214 loco
1406 1156 1481 1214 te
1542 1144 1856 1232 judicem
1919 1146 2304 1218 volumus
2367 1147 2630 1230 residere,

519 1243 907 1338 (quidquid
941 1245 1151 1314 etiarn
1185 1257 1350 1314 ante
1394 1242 1466 1313 in
1524 1244 1870 1314 mandatis
1920 1249 2336 1336 acceperis
2363 1300 2392 1337 ,
2466 1243 2634 1338 plenis·

515 1343 686 1418 sime
712 1341 1083 1414 meministi
1102 1340 1173 1440 ,)
1227 1363 1658 1431 omnemque
1693 1343 1808 1413 vel
1838 1344 1908 1413 in
1937 1346 2513 1439 congregandis
2535 1344 2634 1436 Epi·

518 1443 751 1534 scopis
819 1443 937 1513 vel
1002 1442 1395 1514 evocandis
1465 1439 1696 1514 adess'e
1761 1443 2386 1538 contempserit,
2465 1467 2636 1517 curam

517 1557 597 1614 te
648 1545 982 1614 volumus
1029 1539 1415 1630 sustinere,
1484 1554 1565 1611 ut
1611 1540 1678 1611 &
1720 1561 1855 1632 ea,
1910 1562 2070 1630 quae
2121 1561 2326 1616 ante
2375 1547 2640 1618 mandata

515 1641 723 1726 sunt,
778 1641 844 1712 &
875 1662 1030 1730 quae
1067 1661 1261 1712 nunc
1301 1639 1561 1712 statuta
1604 1637 2029 1734 cognosciS,
2111 1648 2468 1732 probata
2498 1645 2640 1735 poffis

513 1742 813 1832 implere
858 1739 1193 1826 solertia,
1264 1739 1334 1810 id
1387 1753 1555 1811 ante
1603 1742 1843 1814 omnia
1889 1739 2345 1815 servaturus
2380 1798 2408 1837 ,
2465 1760 2543 1817 ut
2576 1765 2644 1832 ea,

516 1861 672 1929 qua:
716 1843 904 1910 circa
945 1837 1390 1912 Catholicam
1430 1842 1658 1934 legem
1709 1841 1831 1912 vel
1886 1841 2060 1912 olim
2131 1844 2544 1918 ordinavit
2572 1865 2642 1914 an-

512 1940 846 2028 tiquitas‚
902 1940 1019 2010 vel
1051 1954 1424 2028 parentum
1454 1938 1861 2011 nostrorum
1897 1938 2324 2016 auetoritas
2362 1941 2644 2039 religiosa

515 2037 932 2127 constituit,
986 2039 1110 2111 vel
1164 2038 1404 2109 nostra
1458 2038 1793 2109 serenitas
1845 2040 2260 2113 roboravit
2291 2096 2324 2135 ,
2399 2046 2646 2118 novella
2727 2121 2731 2132 ,

511 2134 975 2230 subreptione
1000 2135 2070 2230 submotaintegra&inviolata
2109 2141 2532 2216 custodias.
2577 2141 2647 2212 Ut

511 2235 677 2311 sane
710 2235 1136 2308 adminicula
1179 2238 1669 2324 competentia
1717 2234 1979 2308 actibus
2024 2241 2177 2312 tuis
2225 2241 2492 2316 deess‘e
2537 2262 2646 2314 non

508 2337 818 2430 poss‘mt,
886 2335 1091 2407 viros
1139 2332 1547 2426 spectabiles
1598 2334 2108 2408 Proconsulem
2168 2353 2426 2431 atque
2477 2343 2648 2414 Vica-

508 2439 692 2507 rium
732 2434 1070 2506 serenitas
1107 2432 1349 2506 nostra
1381 2436 1871 2526 commonuit,
1925 2451 2044 2526 ut,
2100 2437 2152 2508 si
2200 2444 2640 2533 propriarum
2727 2521 2730 2528 ,

510 2535 934 2628 dignitatum
977 2532 1230 2608 statum
1282 2537 1581 2626 cupiunt
1611 2536 1965 2625 retinere,
2024 2535 2071 2606 fi
2118 2543 2646 2630 apparitionem
2727 2537 2730 2548 '

508 2634 696 2708 suam
733 2649 1051 2705 extrema
1083 2633 1440 2705 declinare
1474 2631 1836 2725 supplicia,
1875 2648 2015 2705 tam
2040 2656 2132 2705 ex
2161 2643 2508 2731 propriis
2529 2637 2644 2711 offi.

510 2734 666 2820 ciis,
703 2754 906 2821 quarn
934 2753 1022 2804 ex
1044 2734 1359 2805 omnium
1379 2734 1697 2823 judicum
1730 2735 2183 2824 apparitione
2217 2739 2530 2811 abunde
2554 2760 2646 2810 ne·
2723 2825 2730 2826 γ
