3200 4784
405 444 411 450 ·
520 435 619 507 44
1240 397 1622 485 oen-rt
1689 407 1936 486 Aru

522 578 658 650 bus
688 569 1102 646 vindicatis:
1142 572 1403 646 merito
1430 570 1519 642 de
1547 571 1764 644 vobis
1794 570 2052 646 dietum
2083 569 2280 648 estin
2313 569 2418 650 1³1:
2435 569 2645 652 xm:

525 681 613 747 Os
646 697 855 744 eorum
897 669 1357 756 maledietione,
1408 669 1485 746 δ
1516 677 1948 742 amaritudine
1980 673 2233 767 plenum
2263 674 2644 771 efl.G10—

518 774 843 862 flamini,
898 770 1094 862 quod
1136 771 1347 843 vobis
1379 765 2008 860 maledicentibuS‚
2063 774 2276 863 aliqui
2311 766 2653 848 homines'

519 874 708 952 mori
740 883 1182 962 potuerunt.·
1236 867 1452 942 Certe
1484 889 1636 942 non
1671 871 1842 942 licet
1874 873 2234 947 occidere.
2310 875 2433 946 An
2469 871 2638 946 ideo

517 993 665 1046 vos
694 971 958 1064 putatis
991 971 1463 1060 innocentes,
1520 969 1682 1061 quia
1713 967 1912 1041 ferro
1944 970 2037 1042 usi
2070 991 2220 1044 non
2259 970 2471 1046 estis?
2531 971 2641 1046 ln·

518 1085 907 1147 nocentem
957 1066 1025 1140 se
1068 1068 1134 1140 ἁ
1178 1068 1606 1140 venenarius
1641 1068 1965 1161 judicet,
2029 1069 2077 1142 fi
2122 1071 2195 1145 in
2243 1068 2400 1143 solo
2438 1070 2637 1142 ferro

520 1169 626 1244 est
660 1167 1141 1243 homicidium.
1242 1165 1422 1239 Non
1470 1166 1591 1240 fibi
1642 1167 1974 1241 videatur
2018 1189 2230 1261 reus,
2299 1171 2415 1264 qui
2465 1171 2639 1242 alte-

514 1290 677 1343 rum
721 1265 1063 1341 subdusto
1114 1265 1281 1338 cibo
1329 1270 1726 1341 necaverit.
1831 1268 2303 1342 Innocentem
2347 1267 2418 1342 se
2452 1268 2637 1361 judi-

518 1379 680 1461 cet,
715 1370 835 1460 qui
866 1365 1165 1460 spirandi
1190 1367 1550 1460 prohibita
1591 1365 1974 1457 facultate,
2026 1365 2493 1441 suffocaverit
2532 1369 2636 1440 vi-

514 1487 697 1541 vere
729 1467 1158 1560 cupientem.
1240 1464 1463 1540 Necis
1492 1466 1712 1536 multa
1747 1463 1904 1539 sunt
1930 1487 2230 1561 genera,
2271 1467 2386 1540 sed
2415 1487 2634 1541 unum

512 1589 786 1642 nomen
827 1565 927 1637 est
960 1565 1238 1638 mortis,
1340 1562 1965 1638 Malediftionibus
2008 1567 2148 1638 tuis
2179 1588 2337 1639 cum
2374 1563 2636 1640 fiducia

514 1668 883 1742 hominem
942 1678 1305 1735 mortuum
1367 1661 1803 1754 protestaris.
1949 1665 2144 1762 Quid
2193 1664 2489 1738 interest
2541 1685 2632 1738 an

512 1765 753 1862 gladio
791 1762 1044 1852 ferias,
1098 1781 1183 1834 an
1228 1764 1462 1855 lingua
1500 1761 1912 1861 percutias?
1977 1764 2466 1837 indubitanter
2502 1765 2631 1838 ho-

513 1862 772 1940 micida
815 1885 944 1954 es,
1008 1861 1233 1959 fiper
1286 1875 1361 1931 te
1408 1864 1737 1934 mortuus
1790 1862 2056 1954 fuerit,
2130 1865 2247 1954 qui
2301 1866 2630 1939 vivebat.

515 1964 857 2063 Quisquis
910 1962 1091 2032 talis?
1118 1981 1207 2032 ex
1252 1963 1467 2031 vobis
1522 1958 1664 2039 est,
1740 1959 1992 2034 frustra
2041 1960 2111 2034 se
2162 1959 2631 2036 Christianum

511 2076 638 2136 aut
674 2057 1128 2133 sacerdotem
1181 2057 1316 2130 Dei
1370 2056 1754 2152 profitetur
1787 2113 1812 2149 ‚
1893 2062 2010 2151 qui
2063 2063 2430 2136 lenitatem
2491 2060 2630 2131 Dei

508 2167 665 2235 non
711 2173 913 2232 curat
954 2179 1115 2232 cum
1153 2157 1484 2255 scriptum
1535 2156 1617 2230 fit
1663 2163 1734 2230 in
1776 2157 2204 2236 Salomonet
2261 2165 2436 2232 Deus
2467 2183 2632 2228 mor·

509 2277 637 2335 tem
670 2284 801 2328 non
820 2259 1017 2349 fecit,
1037 2283 1169 2328 mec
1195 2261 1453 2327 laetatur
1485 2264 1557 2326 in
1582 2259 1935 2353 perditione
1958 2264 2279 2336 vivorum.
2383 2257 2626 2331 Credo

510 2380 655 2433 vos
704 2355 1027 2431 oblivisci
1060 2377 1209 2430 non
1251 2356 1487 2450 posse,
1542 2356 1710 2448 quid
1751 2359 2086 2452 per-loca
2119 2360 2348 2451 aliqua
2381 2357 2628 2431 feceri-

509 2461 654 2548 tis,
716 2479 875 2530 cum
922 2477 1097 2538 eos,
1168 2457 1287 2547 qui
1326 2458 1552 2551 legem
1595 2455 1733 2528 Dei
1773 2458 2254 2550 praedicabant
2282 2511 2308 2551 ‚
2377 2458 2450 2532 id
2495 2455 2625 2549 est,

506 2557 953 2650 Prophetas»,
1032 2557 1317 2628 velletis
1375 2557 1712 2628 occidere
1762 2572 2019 2629 contra
2061 2557 2436 2650 juffionem
2489 2555 2629 2630 Dei

505 2658 846 2730 dicentis:
901 2654 995 2728 Et
1027 2659 1099 2725 in
1130 2657 1472 2750 'Prophetas
1498 2658 1657 2725 meos'
1676 2680 1930 2725 manum
1955 2682 2033 2724 ne
2057 2656 2378 2735 miseritis.
2430 2655 2631 2728 Deu-

507 2758 766 2827 terium
804 2801 814 2835 η
868 2755 1270 2827 Partenium
1390 2755 1763 2827 Donatum
1864 2755 1931 2827 &-
1970 2754 2377 2827 Getulicum
2477 2754 2624 2827 Dei
