3200 4784
524 441 619 519 34
1252 411 1634 488 ΟΡτΑτι
1703 408 1940 490 Amr

513 583 587 661 se
617 576 837 656 laetari
873 571 1216 664 testatur,
1264 573 1430 648 dum
1468 576 1646 648 dicit
1683 579 1756 650 in
1794 576 2031 669 psalm.
2066 573 2434 672 CXXXII,
2495 580 2652 656 Ecce

514 709 702 780 quam
728 682 949 751 bonum
981 678 1053 750 ὅ·
1086 699 1268 765 quam
1288 679 1682 769 jucundum,
1727 677 2022 746 habitare
2037 675 2288 768 fratres
2319 705 2392 748 m
2425 707 2646 758 unum.

515 783 807 858 Etenim
846 797 1003 849 cum
1041 771 1418 846 Africanos
1446 779 1763 869 populos
1805 775 1872 848 Gt
1901 777 2361 872 orientales,
2415 783 2480 854 δι
2517 803 2650 854 cae·

519 899 721 958 teros
771 878 1329 962 transmarinOS,
1403 896 1541 968 pax
1597 896 1743 948 una
1797 877 2313 972 conjungeret,
2388 880 2454 952 &
2502 880 2647 972 ipsa

516 985 803 1068 unitas,
869 973 1384 1068 repraesentatis
1436 975 1770 1048 omnibus
1824 977 2156 1048 membris
2206 997 2470 1070 corpus
2509 979 2646 1052 Ec-

522 1083 745 1157 cleliae
776 1077 1221 1172 coagularet:
1278 1073 1571 1145 dolebat
1604 1074 1751 1148 hoc
1786 1073 2155 1164 diabolus,
2210 1080 2328 1168 qui
2368 1079 2646 1171 semper

519 1184 612 1259 de
656 1181 949 1251 fratrum
1000 1195 1177 1266 pace
1213 1187 1621 1260 torquetur.
1721 1173 1855 1247 Illo
1895 1189 2228 1267 tempore
2263 1175 2386 1268 sub
2413 1181 2650 1271 lmpc-

514 1297 765 1356 ratore
812 1273 1214 1348 Christiano
1244 1327 1267 1364 ,
1338 1272 1650 1346 desertus
1697 1275 1768 1346 in
1818 1273 2034 1346 ldolis
2067 1327 2093 1366 ,
2159 1290 2491 1366 tanquam
2535 1278 2643 1350 in-

518 1379 790 1464 clusus,
824 1377 1111 1468 jacebat
1142 1373 1214 1444 in
1256 1375 1560 1464 templis.
1663 1368 1836 1448 Hoc
1867 1373 2124 1448 eodem
2153 1387 2482 1467 tempore
2515 1376 2642 1448 du—

518 1503 639 1556 ces
678 1481 744 1552 &
780 1475 1138 1567 principes
1174 1470 1455 1544 vestros
1496 1473 1752 1545 merita
1785 1474 2285 1570 relegaverant
2313 1473 2450 1552 sua.
2555 1475 2644 1552 In

512 1576 833 1654 Ecclesia
882 1575 1075 1646 nulla
1122 1571 1408 1643 fuerant
1452 1571 1864 1666 schismata,
1939 1591 2081 1644 nec
2130 1571 2423 1668 Paganis
2473 1577 2642 1649 lice-

513 1682 642 1756 bat
675 1693 1016 1750 exercere
1048 1670 1437 1764 sacrilegia:
1494 1692 1632 1764 pax
1663 1671 1828 1744 Deo
1865 1671 2125 1762 placita
2159 1673 2346 1763 apud
2385 1695 2638 1749 omnes

516 1776 961 1852 Christianos
1006 1773 1323 1865 populos
1362 1771 1767 1844 habitabat:
1836 1771 2160 1844 diabolus
2191 1775 2536 1865 moerebat
2563 1775 2641 1850 in

512 1877 843 1970 templis,
896 1893 1034 1946 vos
1064 1874 1139 1943 in
1178 1871 1596 1967 regionibus
1639 1872 1904 1945 alienis,
2614 1892 2622 1899 ·

673 1975 783 2052 16.
826 1971 1148 2060 Deinde,
1187 1987 1269 2041 ut
1295 1971 1502 2042 nobis
1534 1985 1790 2044 notum
1822 1966 1956 2052 est,
1995 1966 2276 2042 secutus
2306 1971 2481 2044 alius
2507 1970 2646 2046 Ima

509 2092 845 2178 perator,
900 2075 1281 2160 vobiscum
1334 2083 1513 2140 vota
1556 2067 1819 2141 finistra
1860 2071 2320 2162 concipiens,
2395 2092 2485 2142 ex
2534 2071 2637 2144 fa-

510 2181 710 2256 mulo
765 2175 905 2246 Dei
950 2169 1173 2244 fastus
1233 2167 1333 2257 est
1387 2166 1700 2242 minister
1743 2167 2062 2246 inimici,
2129 2167 2514 2258 apostatam
2559 2168 2634 2243 se

514 2275 757 2353 edictis
805 2273 939 2346 suis
984 2270 1278 2344 testatus
1321 2265 1458 2341 est:
1529 2289 1734 2357 quem
1786 2265 2119 2359 precibus
2159 2265 2499 2364 rogastis,
2549 2283 2637 2342 ut

511 2375 787 2450 reverti
823 2366 1153 2466 poss'etis:
1209 2389 1377 2459 quas
1425 2387 1717 2456 preces,
1773 2367 1819 2440 fi
1857 2385 2007 2439 vos
2048 2369 2320 2462 negatis
2367 2365 2639 2462 misisse,

512 2499 653 2553 nos
690 2476 1008 2570 legimus,
1129 2466 1295 2542 Nec
1334 2464 1820 2541 difficultatem
1860 2465 2202 2560 praebuit,
2271 2487 2479 2557 quem
2517 2488 2642 2542 ro-

510 2577 761 2676 gasti's;
813 2575 919 2644 ire
954 2570 1296 2663 praecepit
1334 2586 1471 2660 pro
1506 2581 1695 2638 voto
1727 2565 1854 2638 suo
1879 2618 1902 2656 ,
1959 2585 2142 2656 quos
2179 2567 2638 2640 intellexerat

510 2677 600 2749 ad
659 2671 1481 2762 disturbandamffpacem
1539 2685 1698 2738 cum
1751 2663 2001 2737 furore
2057 2663 2196 2737 ess'e
2249 2679 2632 2741 venturo&

562 2771 882 2843 rubescit
1029 2771 1246 2841 'ullus
1290 2762 1390 2839 est
1451 2767 1679 2835 ‚udan
1765 2762 2047 2840 Eadem
2079 2783 2271 2835 voce
2307 2761 2479 2837 vobi
