3200 4784
213 436 218 447 ·
307 400 381 492 3⁶2
483 452 485 457 -
558 332 1119 467 Moenus-uravrrrna

307 578 375 652 pus
391 550 573 644 Eculeus,
598 548 699 625 srmul
722 549 759 623 in
775 544 980 644 Evangelio
1003 547 1302 627 commendatum
1326 550 1375 625 vi·

308 653 455 730 dere&
477 663 586 745 caput
608 662 736 723 contra
759 651 951 725 calumnias
969 649 1199 743 Judaeornrn,
1238 649 1275 723 dt
1300 670 1376 725 cor·

292 776 376 851 pus
400 766 529 827 contra
553 749 821 822 criminationes
841 749 1104 825 hereticorum.
1155 748 1257 825 Nam
1278 750 1376 842 quod

309 856 464 949 legitur,
494 850 662 946 Oportebat
684 849 841 944 cdrfflm
858 853 933 944 poti
955 846 993 925 ὅ
1016 848 1174 943 resurgere
1192 876 1216 921 a
1240 856 1376 921 mmrur'r

212 987 217 999 ¹
307 959 407 1027 terrio
424 953 493 1031 die,
519 962 648 1023 contra
662 968 726 1021 eos
744 946 817 1041 est,
843 948 905 1038 qui
921 947 1045 1021 dicunt
1064 962 1254 1023 mortuum
1271 951 1319 1023 de
1331 949 1378 1023 se·

306 1053 463 1149 pulchro
480 1047 549 1123 elle
563 1046 757 1135 sublatum
779 1046 879 1139 quod
890 1062 1008 1121 autem
1023 1045 1194 1142 sequitur,
1211 1048 1256 1125 (y
1269 1052 1376 1146 predi-

307 1159 377 1224 cari
389 1157 426 1221 in
443 1156 570 1220 nomine
584 1152 651 1242 ejus
665 1152 889 1241 penitentium
904 1144 943 1223 (Ἰ
958 1144 1166 1238 reaniffionem
1178 1166 1375 1244 peccatoram

303 1273 360 1351 per
376 1276 478 1321 omnes
493 1264 600 1340 gemes
616 1247 846 1341 incipientibus
860 1248 897 1317 ab
916 1245 1132 1339 Hierusalem,
1159 1264 1300 1323 contra
1314 1270 1374 1324 eor

305 1351 379 1446 cst,
406 1348 466 1441 qui
482 1349 608 1421 dicunt
624 1367 700 1421 non
720 1344 788 1419 elle
805 1344 997 1420 Ecclesram
1015 1349 1052 1421 in
1070 1351 1161 1420 orbe
1178 1361 1374 1425 terrarum:

304 1465 349 1525 ut
366 1470 441 1523 uno
465 1450 569 1521 brevi
593 1447 752 1537 capitulo
778 1448 973 1537 paucisque
998 1448 1118 1520 verbis
1146 1448 1182 1519 dr
1206 1450 1372 1523 inimicus

268 1579 285 1589 ·
305 1552 434 1644 capitis
462 1547 495 1619 ἃ
519 1550 682 1620 inimicus
709 1547 874 1635 corporis
894 1547 1109 1640 repellatur,
1137 1546 1194 1636 dr,
1218 1546 1376 1622 fifideli·

303 1664 363 1723 ter
381 1647 597 1736 attenderit,
624 1630 834 1740 corrigatr'rr.
884 1643 981 1719 Nam
1003 1659 1128 1717 tenere
1151 1645 1235 1721 istas
1260 1649 1373 1721 inimi·

304 1750 409 1821 citias
433 1745 561 1818 fratres
583 1742 728 1816 nostros
751 1758 856 1817 tanto
878 1746 988 1839 magis
1011 1745 1196 1836 dolemus,
1233 1754 1371 1838 quanio

301 1848 415 1940 magis
429 1866 493 1918 eos
508 1842 649 1917 constat
662 1844 802 1919 easdem
819 1840 1008 1937 scripturas
1022 1846 1213 1919 nobiscum
1232 1842 1372 1937 teneri,

304 1948 434 2036 quibus
459 1946 536 2017 lraec
558 1945 766 2036 apcrtissima
788 1941 990 2017 testimonia
1013 1947 1267 2020 continentur.
1314 1946 1370 2041 Ju-

300 2046 369 2117 daei
389 2046 541 2136 quippe,
568 2044 628 2133 qui
642 2056 775 2139 negant
787 2037 1009 2115 resurrexiss'e
1023 2041 1222 2133 Christum,
1251 2043 1369 2119 saltem

300 2164 382 2219 non
408 2144 588 2236 accipiunt
606 2138 863 2238 Evangelium:
888 2141 944 2215 isti
966 2156 1085 2215 autem
1106 2142 1238 2215 fratres
1261 2142 1368 2217 nostri
1406 2200 1408 2205 .

301 2244 491 2332 utriusque
508 2239 708 2313 testamenti
731 2239 944 2314 audonitate
965 2240 1123 2315 devincti
1139 2239 1240 2328 sunt,
1269 2242 1367 2316 &ta-

301 2364 386 2419 men
408 2341 587 2416 criminari
607 2360 676 2414 nos
701 2336 836 2412 volunt
857 2340 903 2413 de
919 2338 1122 2434 Evangelio
1147 2343 1308 2433 tradito,
1335 2341 1365 2413 dr

300 2444 436 2516 nolunt
459 2442 492 2513 el
515 2438 661 2513 credere
675 2440 841 2512 recitato.
893 2439 964 2512 Sed
984 2461 1081 2512 nunc
1103 2438 1250 2513 fortall'e
1266 2442 1363 2533 huJ'us

207 2596 210 2611 .
300 2543 511 2614 collationis
538 2560 623 2612 cura
645 2539 802 2633 suscepta
825 2540 1029 2636 diligentius
1053 2539 1266 2632 perscrutati
1289 2539 1364 2614 sunt

302 2641 504 2731 Scripturas
528 2639 664 2732 sacras,
690 2639 826 2731 &quia
847 2642 884 2712 in
910 2643 960 2712 eis
981 2641 1254 2712 innumerabilia
1277 2639 1363 2714 testi·

299 2743 424 2814 monia
443 2754 685 2832 repererunt,
718 2740 846 2830 quibus
872 2738 1037 2832 promissa
1061 2736 1112 2811 est
1132 2735 1292 2817 Ecclesia
1314 2739 1363 2812 fu·

300 2852 383 2911 tura
402 2840 439 2910 in
463 2840 629 2912 omnibus
648 2840 812 2932 gentibus
831 2839 864 2910 δι
885 2854 970 2910 toto
995 2839 1087 2910 orbe
1106 2852 1303 2931 terrarum,
1328 2837 1363 2910 sr-

299 2957 365 3009 cut
380 2959 456 3010 earn
467 2937 564 3009 reddi
575 2937 607 3008 dr
617 2936 818 3031 praesentari
833 2936 974 3030 coepille
988 2938 1024 3009 in
1036 2936 1238 3033 Evangelio
1250 2940 1283 3012 ἃ
1294 2939 1361 3030 epi·

296 3035 400 3109 stolis
418 3035 687 3127 Apostolicis&
705 3040 742 3110 in
758 3036 889 3110 aclibus
903 3035 1168 3128 Apostolorum
1185 3039 1360 3129 videmus,
1406 3092 1408 3097 .

298 3138 360 3208 ubi
379 3136 413 3206 &
429 3135 501 3226 ipsa
517 3136 620 3227 loca,
647 3136 680 3206 dr
697 3139 886 3226 civitates,
913 3136 947 3207 ἃ
964 3135 1165 3208 Provinciae
1179 3137 1361 3231 leguntur,

296 3254 364 3328 per
383 3255 470 3324 quas
488 3236 626 3324 crevit,
651 3235 825 3327 incipiens
840 3238 884 3306 ab
901 3232 1143 3326 Hierusalem,
1170 3250 1212 3306 ut
1228 3237 1314 3310 inde
1329 3234 1360 3309 se

294 3337 405 3406 ctiam
424 3334 459 3405 in
479 3332 640 3407 Africam
662 3355 740 3405 non
762 3333 971 3428 migrando,
1006 3331 1065 3405 sed
1088 3332 1285 3408 crescendo
1301 3334 1361 3409 dif-

292 3430 476 3508 ¹funderet.
537 3432 628 3504 Non
654 3447 773 3506 autem
798 3434 1007 3506 invenerint
1030 3433 1174 3524 aliquod
1201 3434 1363 3509 testimo-

270 3530 395 3607 nium
420 3533 627 3604 divinorum
651 3532 905 3627 eloquiorum,
940 3535 1001 3604 ubi
1022 3533 1151 3607 dilium
1173 3531 1246 3626 est,
1288 3555 1362 3608 eam

294 3634 491 3727 perituram
508 3630 552 3703 de
567 3633 704 3702 caetcris
721 3633 880 3724 partibus
897 3633 1034 3724 mundi,
1051 3632 1084 3703 dc
1100 3633 1135 3705 in
1153 3630 1227 3704 sola
1239 3631 1364 3707 Africa

294 3730 334 3804 in
351 3730 489 3804 Donati
505 3743 608 3822 parte
621 3728 838 3804 mansuram:
866 3730 900 3803 δι
918 3732 1103 3819 viderunt,
1120 3732 1283 3821 quamsit
1303 3738 1364 3806 ab·

294 3827 438 3905 surdum
465 3850 531 3921 pro
558 3831 637 3920 illa,
672 3850 748 3920 quae
773 3831 891 3904 fuerat
914 3833 1093 3925 peritura,
1128 3844 1187 3903 tot
1203 3831 1364 3906 testimo·

293 3926 354 4005 nia
371 3928 494 4000 divina
511 3929 672 4017 recitari:
698 3951 766 4022 pro
786 3950 961 4030 cavero,
988 3952 1086 4021 quae,
1111 3928 1200 4001 ficut
1216 3945 1363 4024 putant,

264 4025 414 4106 ruerat
432 4027 596 4103 Domino
620 4030 821 4126 placitura,
856 4032 994 4105 nullum
1017 4031 1093 4123 ejus
1119 4027 1364 4107 testimonium

736 4146 755 4165 ⁵
1207 4147 1313 4220 repe·
