3200 4784
578 379 721 460 216
1074 370 1732 454 Musarum-ra
1780 374 2193 452 Vna-nna

584 539 779 620 nulla
824 535 1179 612 dubitatio
1219 532 1341 610 est.
1444 533 1637 609 Nam
1683 556 1844 608 curn
1878 537 2228 629 ejusmodi
2263 533 2612 611 homines
2659 539 2734 613 in

584 641 703 716 sua
756 635 1115 730 potestate
1156 634 1559 729 redegerit,
1627 636 1878 710 iisdem
1929 657 2436 728 usquequaque
2492 640 2734 713 dorni·

586 753 821 816 natur.
934 734 1132 832 Quid
1171 747 1408 806 autem
1452 737 1628 807 boni
1673 733 1953 812 efficere
1991 735 2316 830 insanus,
2369 734 2730 831 perfidus,

583 834 1011 934 irreligiosus
1042 888 1067 924 ,
1136 834 1481 929 profanus
1515 887 1539 925 ,
1617 835 1782 906 Deo
1841 841 2244 908 contrarius
2271 890 2296 927 ,
2385 835 2729 911 Ecclefiae
2791 861 2800 928 ι,

588 936 836 1013 sanEtae
870 937 1197 1009 inimicus
1230 933 1499 1025 potest,
1535 935 1652 1024 qui
1691 955 1728 1006 a
1757 933 1921 1008 Deo
1957 935 2223 1027 san6l0,
2264 958 2477 1026 vern,
2507 939 2730 1029 juste,
2795 933 2824 1012 ἶ·

589 1039 862 1136 summo
914 1050 1130 1125 atque
1183 1034 1503 1108 omnium
1552 1033 1878 1106 Domino
1931 1036 2332 1117 recedens,
2407 1039 2528 1125 qui
2589 1059 2728 1110 nos
2797 1039 2810 1100 ἰ

595 1135 970 1211 constituit
1009 1133 1075 1206 &
1106 1137 1179 1205 in
1210 1135 1344 1206 hae
1376 1135 1539 1204 luce
1577 1134 1959 1225 produxit,
2003 1137 2120 1224 qui
2147 1135 2464 1226 spiritum
2505 1138 2600 1207 acl
2637 1140 2735 1214 vi·
2799 1157 2806 1176 ²

593 1253 783 1329 tarn,
818 1256 1027 1325 quarn
1063 1234 1445 1326 carpimu8,
1480 1232 1706 1323 dedit,
1743 1233 1811 1305 δι
1848 1237 1964 1322 qui
1999 1255 2132 1306 nos
2161 1237 2258 1322 id,
2299 1235 2496 1324 quod
2531 1234 2738 1310 sums!
2799 1183 2814 1332 ι

594 1336 735 1411 esse
775 1336 1053 1425 voluit,
1111 1333 1177 1404 δι
1208 1333 1449 1406 omnia
1484 1331 1601 1404 sua
1639 1335 2023 1405 voluntate
2063 1334 2405 1425 perfecit,
2457 1336 2543 1407 ad
2593 1337 2736 1408 dia·
2803 1335 2812 1434 'i

594 1438 752 1511 boli
797 1448 1097 1525 partem·
1126 1453 1368 1525 prono
1419 1452 1670 1505 errore
1709 1432 2082 1505 decurrit?
2137 1433 2273 1504 Sed
2312 1435 2474 1523 quia
2515 1433 2736 1508 semel
2807 1463 2812 1494 ε

596 1533 936 1632 poffessus
972 1534 1241 1630 animus
1270 1553 1310 1603 a
1342 1533 1533 1603 malo
1574 1531 1857 1605 necesse
1899 1533 1998 1604 est
2037 1531 2379 1608 Dostoris
2423 1532 2518 1604 sui
2557 1555 2738 1624 ope-

596 1639 793 1710 ribus
840 1632 1094 1704 instare
1124 1684 1143 1716 ‚
1210 1653 1292 1702 ea
1340 1627 1714 1722 perficiat,
1786 1653 1939 1723 quae
1988 1634 2298 1722 aequitati
2344 1633 2408 1704 δι
2448 1633 2739 1722 justitiae

603 1732 965 1808 contraria
1001 1731 1383 1803 videantur
1410 1782 1433 1820 ,
1502 1730 1775 1804 idcirco
1811 1733 1921 1825 hi,
1991 1735 2107 1822 qui
2157 1755 2193 1802 a
2239 1732 2532 1804 diabolo
2572 1731 2735 1826 pos-

600 1833 745 1909 seffi
773 1831 970 1921 sunt,
1012 1821 1161 1922 e'jus
1192 1827 1469 1903 falsitati
1502 1829 1566 1901 &
1593 1833 1928 1921 nequitiae
1961 1829 2468 1921 obsequuntur.
2548 1831 2626 1903 N
2636 1854 2738 1905 on

603 1947 841 2006 autem
893 1931 1286 2005 mirandum
1345 1928 1446 2001 est
1477 1983 1500 2018 ,
1574 1952 1614 2000 a
1664 1933 1875 2004 bonis
1915 1933 2290 2024 improbos
2339 1930 2736 2008 discedere.

603 2032 794 2108 Nam
831 2030 921 2104 fic
959 2029 1151 2103 refile
1196 2031 1593 2121 proverbio
1633 2030 1968 2125 fignatutn
2001 2030 2134 2116 est,
2188 2052 2388 2121 pares
2422 2051 2584 2102 cum
2621 2053 2742 2123 pa·

603 2136 802 2206 ribus
839 2130 1297 2225 congregari':
1353 2131 1470 2218 qui
1502 2129 1693 2202 malo
1733 2131 1961 2220 impiae
1992 2132 2249 2201 mentis
2275 2127 2511 2202 infeffi
2549 2130 2742 2220 sunt,

607 2229 895 2316 necess'e
926 2229 1027 2303 est
1058 2249 1097 2300 a
1130 2225 1744 2302 nostra-societate
1779 2228 2157 2304 dissidcant.
2261 2230 2510 2302 Homo
2541 2229 2750 2320 fiqui-

611 2333 775 2406 dem
807 2332 1058 2422 malus,
1085 2341 1167 2399 ut
1190 2325 1530 2421 scriptura
1556 2329 1903 2420 loquitur,
1926 2329 2012 2402 de
2036 2333 2222 2402 malo
2259 2327 2590 2401 thesauro
2615 2349 2751 2420 po-

609 2433 754 2505 fert
784 2432 1004 2504 mala:
1057 2431 1295 2500 bonus
1331 2449 1511 2500 vero
1552 2447 1640 2499 ex
1677 2429 1878 2500 bono
1915 2429 2190 2520 profert
2219 2431 2513 2501 bonum.
2601 2429 2750 2500 Sed

612 2537 813 2622 quia,
836 2543 919 2600 ut
940 2524 1197 2602 dietum
1228 2526 1367 2620 cst,
1394 2528 1806 2602 haeretici&
1831 2526 2284 2620 schismatici,
2316 2529 2436 2619 qui
2467 2528 2753 2604 bonum

610 2631 1103 2720 relinquentes
1130 2629 1195 2700 &
1219 2630 1473 2700 malurn
1500 2625 1838 2701 sefftantes
1863 2649 1944 2700 ea
1967 2617 2376 2722 perficiunt,
2399 2648 2553 2718 quae
2573 2629 2753 2700 Deo

616 2729 1074 2822 displiceant,
1147 2727 1485 2814 diabolo,
1554 2728 1673 2816 qui
1723 2749 1973 2800 eorum
2028 2744 2230 2820 pater
2279 2726 2420 2817 est,
2491 2747 2758 2818 appro-
