3200 4784
592 381 744 460 Ltm
778 381 1006 476 quintus.
1284 401 1332 481 73

311 569 315 576 ·
337 552 374 638 ς.
399 539 526 642 metti·
544 539 624 618 estis
641 569 668 638 ,···
688 543 748 635 qui
774 541 936 615 sedentes
955 541 1127 634 populum
1153 539 1331 640 doceatis,

263 643 299 720 tr
316 646 505 720 detrahitis
519 645 649 735 nobis,
666 643 791 733 utique
805 641 974 714 fratribus
989 641 1133 716 vestris:
1160 647 1331 732 quoniam

263 745 377 842 (licut
394 744 495 837 supra
508 743 602 840 dixi)
618 765 687 815 una
700 763 770 815 nos
781 759 895 824 mater
912 740 1055 812 Eccesra
1073 745 1215 834 genuit,
1236 764 1329 818 unus

262 865 336 918 nos
356 845 453 918 Deus
472 859 573 938 pater
590 845 747 936 excepit.
798 838 846 910 Et
871 855 988 912 tamen
1015 838 1173 914 scandala
1201 861 1332 917 contra

262 966 339 1018 noa
358 945 515 1036 ponitis,
551 942 753 1016 mandando
771 939 911 1035 ungulis
930 961 976 1012 ne
994 961 1062 1011 nos
1083 937 1257 1034 salutent,
1284 964 1331 1018 ne

268 1045 408 1116 anobis
420 1043 666 1138 dignationem
682 1041 869 1131 accipiant.
905 1038 1137 1111 Considerate
1154 1045 1265 1114 verba
1279 1043 1332 1115 sua

264 1140 544 1237 perbiaevestrae.
570 1136 1332 1229 Consideratetrattatns,considerateman·

268 1243 366 1334 data,
377 1240 473 1314 atius
485 1259 630 1334 quoque
646 1237 787 1310 vestros
801 1239 998 1310 revolvite.
1026 1238 1156 1315 Nullus
1174 1237 1333 1317 vestrum

268 1334 1334 1433 est,quinonconvitianostrasuistrattatibusmisceat‚qui

269 1461 349 1514 non
366 1440 459 1514 aliud
477 1440 615 1524 initiet,
640 1435 735 1508 aliud
754 1436 923 1527 explicet.
956 1432 1166 1508 teutones
1187 1437 1342 1510 dominis·

270 1560 331 1614 cas
350 1541 527 1629 incipitis,
561 1536 782 1609 &tractatus
805 1535 945 1607 vestros
970 1535 1013 1607 ad
1037 1533 1174 1608 nostras
1192 1537 1335 1627 injurias

270 1641 470 1730 explicatis.
530 1635 704 1709 Profertis
727 1635 987 1730 evangelium,
1014 1633 1179 1708 &facitis
1199 1634 1337 1709 absenti

271 1737 372 1811 fratri
386 1738 602 1809 convitium.
653 1733 873 1805 Auditorum
891 1735 1015 1806 animis
1032 1733 1215 1808 infunditis
1237 1736 1336 1829 odia,

273 1836 477 1908 inimicitias
502 1832 673 1905 docendo
696 1831 859 1905 suadetis.
909 1831 999 1903 -Haec
1024 1836 1143 1906 omnia
1166 1835 1338 1929 diceudo,

276 1946 407 2004 contra
422 1953 489 2004 nos
504 1932 664 2004 scandala
678 1930 825 2026 ponitis.
857 1925 955 2026 Ergo
970 1932 1164 2023 unicuique
1180 1935 1338 2030 vestrum

274 2031 406 2106 ditium
425 2029 492 2104 est:
527 2035 641 2103 Sedens
655 2029 955 2121 adversussratrem
967 2035 1271 2126 inanimalium,
1298 2033 1338 2112 θ

274 2131 423 2216 adotrfirs
430 2131 669 2221 filiummratris
681 2147 744 2204 tue
751 2133 886 2227 ponebas
895 2129 1090 2222 scandalum.
1143 2131 1238 2208 Dum
1257 2157 1340 2228 pec·

276 2245 439 2304 catonem
460 2234 598 2326 arguit,
631 2231 666 2303 u
687 2230 868 2305 sedentem
885 2231 1183 2326 increpamus,
1209 2233 1340 2326 specio·

275 2332 360 2403 liter
385 2330 428 2403 ad
450 2350 521 2403 vos
546 2327 675 2404 ditium
698 2328 768 2403 eise
790 2329 957 2418 constat,
990 2353 1065 2404 non
1088 2333 1130 2406 ad
1151 2337 1339 2425 populum,

276 2429 397 2521 quiin
419 2427 574 2503 Eccleiia
596 2451 673 2502 non
696 2431 805 2504 habet
819 2429 960 2504 sedendi
982 2433 1174 2505 licentiam.
1226 2433 1342 2507 Vides

279 2549 370 2623 ergo
388 2532 516 2621 procul
537 2531 648 2603 dubio
661 2531 777 2603 *vobis
792 2533 956 2621 imputari
976 2530 1130 2621 debere,
1157 2550 1237 2602 cum
1255 2533 1343 2606 dicit

279 2627 401 2702 Deus:
437 2632 556 2699 Sedens
574 2631 721 2715 adversus
737 2630 844 2718 filium
864 2633 978 2696 matris
999 2646 1083 2714 rua,
1107 2629 1235 2722 ponebas
1248 2632 1344 2717 scon·

279 2729 361 2802 dala.
413 2728 533 2800 Unam
552 2743 701 2800 matrem
721 2747 790 2798 nos
809 2727 939 2799 habere
953 2727 1023 2815 jam
1042 2728 1153 2799 toties
1174 2749 1345 2821 compro·

280 2829 377 2904 bavi.
429 2826 511 2898 Nec
527 2846 597 2897 vos
611 2845 741 2918 negare
755 2823 925 2916 potestis,
946 2827 1004 2915 qui
1021 2840 1150 2900 contra
1164 2850 1232 2901 nos
1248 2828 1344 2903 scan-

282 2927 361 3000 dala
386 2927 550 3019 ponitis,
585 2925 669 2998 dum
691 2921 977 3015 aliqui'vestrum
998 2924 1031 2997 dr
1049 2947 1125 2999 non
1144 2927 1345 3003 intelietlaa

281 3021 476 3120 proferunt
498 3021 691 3097 letliones:
724 3041 766 3096 ut
789 3024 952 3097 auferant
976 3026 1081 3099 etiam
1104 3027 1212 3115 illud,
1246 3028 1347 3122 quod

281 3127 378 3198 inter
393 3144 519 3197 ornnes
536 3124 702 3198 homines
719 3121 813 3197 solet
831 3121 901 3196 elle
913 3145 1131 3217 commune,
1165 3129 1345 3201 salutatio·

283 3224 339 3298 nis
357 3223 528 3296 videlicet
548 3222 715 3299 officium.
768 3223 863 3297 Nam
880 3224 913 3296 dc
929 3245 998 3297 vos
1013 3224 1075 3318 ipii
1091 3229 1196 3318 aliqui
1215 3231 1251 3301 in
1266 3248 1346 3322 per·

283 3321 463 3398 funtioria
481 3319 694 3398 salutatione
712 3323 833 3396 oscula
850 3321 953 3396 solita
970 3326 1164 3420 denegatis.
1217 3325 1265 3399 Et
1282 3328 1348 3399 do·

285 3437 416 3496 centur
437 3422 562 3512 multi,
586 3444 634 3496 ne
655 3428 726 3496 Ave
746 3423 867 3494 dicant
888 3424 1051 3513 cuiquam
1074 3425 1247 3499 nostrum.
1292 3420 1349 3504 ut

226 3583 231 3594 a
283 3523 456 3594 videntur
468 3518 530 3592 stbi
545 3521 617 3594 hoc
633 3521 677 3598 de
689 3520 865 3618 leudone,
882 3519 941 3592 sed
955 3542 1029 3596 non
1042 3523 1234 3612 intellecta,
1252 3544 1349 3602 mau-

286 3620 362 3694 dari
384 3623 623 3717 ignorantes,
655 3622 699 3694 de
723 3623 852 3712 quibus
877 3619 1074 3710 Apostolus
1099 3624 1173 3694 hoc
1200 3615 1353 3704 diruite

292 3724 370 3792 cum
393 3722 640 3822 dissepultum
660 3742 782 3817 capere,
808 3722 881 3793 Ave
896 3719 947 3790 illi
966 3745 1008 3791 ne
1028 3723 1186 3793 dixeritis..
1215 3748 1219 3768 ¹
1238 3727 1349 3820 Serpit

289 3829 376 3894 enim
390 3843 492 3892 eorum
505 3820 708 3910 sermondus
722 3844 842 3894 cancer.
895 3818 996 3891 Dixit
1010 3820 1085 3892 hoc
1101 3820 1145 3893 de
1162 3823 1351 3904 hereticis.

290 3941 445 4014 quotum
457 3935 615 4017 cuperat
626 3920 695 3992 illis
709 3919 933 4012 temporibus
946 3919 1075 4004 vitiosa
1088 3919 1158 3996 eise
1174 3922 1360 3997 dominae.

294 4025 355 4117 qui
380 4020 499 4098 subtili
525 4019 731 4098 seduclioue
762 4020 990 4119 verborum,
1030 4023 1168 4128 morbis
1199 4018 1355 4096 obscure

521 4118 526 4132 ’
786 4115 843 4199 -E
869 4140 889 4216 ς
1179 4117 1334 4222 &ernest-
