3200 4784
508 323 678 482 136,
789 421 793 426 ·
1004 319 1662 486 ,Monumninja
1707 327 2118 456 Vernus
2241 419 2270 424 ··

514 546 739 623 sulem
764 544 944 634 ibis,
1006 540 1228 636 occa,
1297 562 1453 634 quae
1498 561 1698 616 nunc
1733 542 2096 635 loqueris,
2147 539 2244 616 ad.
2277 539 2428 636 eJ‘us
2461 539 2645 619 Aa:

508 643 986 744 prosequeris.
2298 715 2308 722 .

664 744 832 817 Post
860 744 1046 816 diem
1082 754 1319 814 autem
1346 740 1640 815 tertium
1666 739 2144 836 Magnilianus
2174 738 2482 815 Curator
2506 742 2646 836 jus·

508 845 597 923 fit
640 844 763 918 sibi
812 841 879 916 S:
918 838 1225 924 Felicem
1265 837 1701 933 Epitcopum
1750 837 2174 934 praesentariss
2275 839 2395 912 Ad
2433 862 2645 931 quem

513 966 681 1018 cum
722 941 917 1016 Felix
960 937 1357 1034 Episcopus
1398 937 1636 1014 fuiffet
1674 939 2012 1015 adduGtus
2045 940 2246 1018 ‚idem
2279 940 2651 1036 Magnilia-

508 1064 650 1119 nus
679 1042 897 1114 dixit:
950 1039 1374 1114 Deliberasti
1405 1053 1646 1114 tecum
1671 1040 2004 1131 quidnam
2027 1041 2344 1113 melioris
2375 1041 2653 1128 consilii

512 1144 831 1214 videaris
871 1136 1181 1228 assequi?
1249 1138 1453 1212 Feli-x
1494 1139 1710 1212 dixit:
1771 1138 2023 1212 Sermo
2063 1160 2260 1213 meus
2294 1160 2477 1212 unus
2511 1140 2653 1212 est:

508 1241 592 1332 in
637 1261 787 1333 quo
842 1241 1060 1331 coepit
1097 1284 1119 1322 ‚
1201 1239 1274 1312 in
1340 1240 1487 1311 hoc
1554 1238 1770 1313 etiam
1829 1238 2000 1312 Deo
2065 1238 2358 1331 praesule
2421 1234 2655 1313 finiet.

514 1344 702 1440 Quae
754 1335 942 1412 enim
998 1343 1232 1432 primo
1274 1339 1567 1411 locutus
1623 1335 1813 1429 sum,
1866 1339 2018 1411 haec
2061 1338 2128 1410 ἂ
2171 1356 2370 1410 nunc
2401 1338 2655 1414 eadem

512 1441 835 1530 loquor,
890 1437 956 1509 δι
1003 1454 1168 1510 ante
1208 1436 1722 1511 proconsulem
1759 1438 1946 1510 aliud
1987 1438 2275 1531 penitus
2310 1458 2463 1511 non
2503 1436 2656 1514 sum

518 1525 858 1613 diSturus.
980 1538 1456 1633 Magnilianus
1500 1535 1812 1614 Cui-ator
1848 1537 2063 1618 dixit:
2126 1536 2270 1610 ibis
2301 1557 2478 1634 ergo
2505 1538 2655 1628 jnm

516 1661 719 1734 nunc
756 1637 839 1708 ad
868 1634 1423 1727 Proconsulem,
1477 1633 1545 1707 δι
1568 1635 1672 1708 ibi
1691 1637 2096 1710 redditurus
2125 1639 2300 1718 es-in
2325 1638 2658 1712 examine

508 1739 905 1811 rationem.
958 1799 963 1804 .
1007 1735 1197 1807 Tum
1236 1739 1441 1807 viros
1481 1733 1645 1810 suos
1686 1737 1795 1809 his
1829 1739 2185 1810 allocutus
2227 1736 2328 1810 est
2369 1738 2659 1810 verbis:

427 1913 432 1923 ,
520 1839 892 1933 Quoniam
922 1833 1125 1910 Felix
1158 1832 1556 1926 Episcopus
1577 1837 1786 1927 juxta
1817 1836 2335 1928 Imperatorum
2363 1835 2661 1911 decreta

520 1958 611 2010 ea
643 1957 795 2027 quae
819 1939 1031 2008 nobis
1058 1936 1386 2007 mandare
1420 1934 1688 2029 dignati
1717 1933 1905 2022 sunt,
1938 1935 2176 2008 facere
2200 1937 2404 2010 nullo
2426 1937 2662 2012 modo

395 2067 405 2073 ·
520 2037 972 2125 maturavit,
1038 2037 1255 2106 vobis
1292 2036 1821 2132 *comitantibus
1860 2035 2358 2130 Carthaginem
2399 2036 2663 2129 perdu-

529 2151 759 2209 catur.
798 2191 804 2198 .
863 2131 1065 2205 Felix
1108 2131 1501 2226 Episcopus
1532 2134 1743 2208 dixit:
1798 2133 1965 2207 Deo
2006 2138 2288 2230 gratias.

482 2235 509 2259 ⁹
674 2232 891 2306 Tunc
955 2232 1353 2326 designatus
1410 2231 1512 2305 est
1558 2233 1660 2306 illi
1725 2234 1979 2307 ductor
2031 2234 2464 2308 Vincentius
2527 2253 2664 2307 no·

520 2334 719 2409 mine
749 2385 775 2422 ‚
858 2330 1185 2404 Decurio
1244 2333 1557 2406 civitatis
1613 2331 2172 2426 Tubyzacenfis.
2282 2331 2705 2408 Profectus}

528 2450 773 2506 autem
829 2429 931 2504 est
975 2430 1180 2504 Felix
1224 2429 1623 2527 Episcopus
1671 2431 2195 2529 Carthaginem.
2296 2432 2444 2505 Ubi
2496 2452 2666 2507 cum

520 2529 878 2615 venisset,
933 2531 1219 2604 oblatus
1256 2531 1356 2604 est
1389 2532 1669 2626 Legato
1705 2531 2186 2608 Proconsulis.
2302 2530 2438 2604 Cui
2471 2533 2666 2606 idem

522 2629 846 2728 Legatus
885 2627 1105 2704 dixit:
1174 2633 1422 2727 Quare
1468 2629 1843 2723 scripturas
1888 2654 2040 2705 non
2078 2632 2298 2705 tradis
2331 2629 2667 2724 superva-

528 2729 763 2808 cuas?
834 2727 1039 2804 Felix
1088 2725 1487 2825 Episcopus
1541 2729 1724 2803 dixit
1751 2756 1792 2801 ε.
1844 2732 2105 2805 Habeo
2159 2732 2490 2823 quidem,
2543 2728 2665 2802 sed
