3200 4784
239 429 250 474 a
361 402 1144 506 nc'DorrnrrsrsnuraHaereses.
1220 405 1290 503 '5p3

239 577 380 664 bere,
406 567 643 646 &Catholici
668 563 956 660 responderent,
982 585 1060 638 non
1081 566 1291 654 ibicausant

248 672 434 761 msrstere,
462 669 631 765 cognitor
648 670 757 740 etiam
772 666 1014 746 interlocutus
1031 663 1082 737 est
1100 667 1291 740 evidentis-
1338 668 1342 690 '

239 775 311 850 nis
332 774 468 866 legibus
486 764 672 840 definitum
695 764 895 861 Imperialia
912 762 1130 856 constituta,
1148 766 1289 858 ¹etiamfi
1350 805 1362 832 ·,

239 872 394 946 ιῃῆιΙοε
427 890 505 941 non
531 869 762 961 legerentur,
799 867 837 936 in
869 864 1017 954 dubium
1043 871 1286 942 nonavocari.

239 971 362 1044 zinde
381 967 564 1040 Catholici
580 966 785 1059 urgebant,
811 977 853 1035 ut
872 978 998 1053 aperte
1020 962 1202 1057 dicerent,
1223 964 1288 1040 fal-

239 1093 295 1146 :u
315 1068 408 1149 elle,
435 1066 535 1160 quod
551 1064 680 1138 testum
699 1062 771 1155 est,
797 1059 899 1157 posse
920 1063 1016 1138 enim
1030 1064 1181 1137 archiva
1200 1085 1289 1144 con·

239 1191 324 1244 .art.

298 1272 373 1364 cap.
391 1268 481 1338 XX.
510 1262 580 1338 Sed
604 1262 689 1342 hinc
711 1259 837 1355 repulsi
855 1251 962 1334 v'elut
977 1261 1108 1352 aliquid
1127 1261 1289 1340 validissi·

239 1389 317 1448 -am
332 1365 505 1460 prolaturi
520 1362 1000 1457 petieruntOptatumlegi,
1021 1359 1141 1457 (quod
1156 1364 1287 1438 &ante

270 1463 461 1560 tiverant,)
484 1467 580 1537 und'e
605 1461 639 1535 se
664 1463 885 1553 probaturos
906 1460 1096 1543 dicebant,
1130 1461 1287 1536 Caecilia·

239 1583 306 1640 :m
324 1570 367 1638 ab
383 1565 604 1656 Imperatore
620 1562 821 1642 damnatum
830 1560 907 1652 ·,··&
923 1560 1128 1652 promissum
1145 1564 1196 1635 eis
1211 1561 1287 1635 fue-

239 1675 298 1750 t,
316 1664 374 1744 sed
389 1665 547 1736 dilatum.
573 1660 672 1738 Prius
690 1680 777 1754 ergo
795 1661 947 1732 volebat
963 1663 1153 1755 cognitor,
1172 1675 1213 1733 ut
1227 1683 1287 1752 ex·

252 1767 443 1852 imerent,
471 1778 588 1833 utrum
611 1762 746 1832 litteras
768 1758 1018 1850 imperatorias
1037 1780 1186 1856 arguere
1199 1760 1290 1834 salsa·

239 1863 307 1935 tis
332 1861 516 1936 auderent.
568 1860 679 1956 Quod
703 1859 845 1948 quidem
864 1860 912 1929 illi
929 1860 1075 1931 minime
1092 1861 1286 1951 audebant,

239 1981 344 2036 {nen
357 1955 588 2036 nibilominus
600 1956 789 2031 Consulem
802 1955 918 2029 deesse
931 1951 1286 2033 invidiosrffimecau·

239 2061 399 2135 bantur.
452 2057 627 2150 Optatam
649 2078 740 2129 vero
760 2057 828 2150 legi
848 2058 963 2130 multo
981 2055 1173 2154 instantius¹
1189 2058 1287 2154 flagi-
1321 2069 1323 2074 ’

250 2159 360 2232 bant.
419 2157 510 2231 Haec
531 2177 611 2230 curn
631 2158 761 2228 diutius
781 2171 991 2251 agerentur,
1008 2157 1055 2234 in
1076 2160 1143 2230 alia
1164 2158 1289 2232 charta
1345 2174 1349 2188 ·

263 2280 362 2331 aruns
387 2257 621 2350 Imperialium
647 2258 846 2330 litterarum
871 2257 1042 2331 inventus
1067 2256 1117 2328 est
1141 2247 1287 2333 Consul.

239 2383 241 2388 ·
264 2357 341 2430 uod
357 2377 436 2430 cum
451 2356 537 2430 esset
551 2356 760 2453 suggestum,
781 2354 976 2429 Donatistae
990 2358 1173 2427 dixerunt:
1196 2360 1288 2427 Certe

239 2457 386 2544 *asaiam
401 2457 511 2526 balare
529 2481 594 2524 nasa
606 2457 733 2539 aeluu3
753 2454 846 2542 quas1
863 2456 935 2525 hoc
951 2454 1142 2544 aliquando
1155 2454 1285 2527 dilium

239 2551 340 2646 Ter,
376 2559 474 2646 quod
500 2557 632 2626 habere
658 2575 734 2624 non
762 2552 948 2641 debuerit,
985 2571 1127 2637 aenon
1155 2555 1288 2628 etiamst

252 2654 361 2728 onsul
387 2651 571 2740 defuisset,
604 2671 680 2722 non
702 2652 865 2741 impediri
885 2650 1077 2743 imperialis
1101 2652 1289 2726 constituti

239 2754 429 2828 eritatem.
490 2741 605 2846 Quod
631 2770 711 2823 cum
739 2752 789 2820 eis
817 2751 986 2843 cognitor
1010 2749 1205 2827 identidem
1235 2773 1289 2826 re·

239 2847 440 2943 aondiffet,
460 2853 631 2922 recitatus
647 2848 698 2923 est
713 2848 746 2920 &
761 2848 941 2941 Optatus,
961 2851 1194 2925 recitantibus
1209 2853 1287 2924 Do·

242 2945 383 3040 atistit,
409 2950 468 3021 ubi
487 2953 552 3024 ait:
582 2950 629 3020 Ea
647 2968 779 3042 tempere
797 2951 876 3018 idem
894 2953 1043 3020 Donatus
1057 2959 1175 3045 petiit,
1202 2970 1240 3023 ut
1256 2958 1287 3023 ai

239 3054 351 3122 everti
372 3046 524 3140 licuiffit,
559 3049 596 3125 (s
621 3051 660 3117 ad
686 3049 911 3141 Carthaginem
935 3052 1096 3126 accederet.
1152 3052 1288 3123 Tama
1365 3065 1373 3080 “

239 3152 411 3223 ’hisameraa
425 3147 592 3244 suggessere
607 3152 675 3243 ejus
694 3153 879 3243 Imperatori
895 3151 1056 3242 suggestum
1073 3149 1131 3245 ast,
1152 3169 1194 3222 at
1211 3156 1288 3222 bana

239 3255 306 3322 acic
327 3251 511 3319 cecilianus
528 3252 650 3320 Brixia
665 3265 846 3331 terreretur3
871 3247 908 3322 (5
921 3247 1045 3338 sarlium
1060 3250 1110 3345 asi.
1160 3248 1288 3342 lnqui-

239 3369 293 3422 sus
322 3350 440 3420 verbis
457 3346 583 3437 Optati
609 3368 688 3418 curn
708 3349 860 3420 omnino
880 3351 974 3421 nulla
994 3344 1175 3436 Caeciliani¹
1192 3351 1287 3425 dam·

239 3447 347 3532 tatio,
372 3447 461 3519 sicut
480 3448 529 3517 illi
552 3445 857 3520 demonstraturos
883 3447 918 3520 se
943 3446 1012 3520 else
1036 3445 1286 3542 promiserant,

239 3545 375 3637 ’aperiri
396 3545 589 3636 potuisset,
613 3545 705 3636 juilit
722 3549 892 3639 cognitor
914 3562 1028 3620 totam
1049 3551 1211 3643 paginam
1233 3570 1286 3622 re·

239 3647 355 3736 citari,
382 3660 423 3716 ut
441 3646 485 3719 de
503 3645 745 3735 superioribus
767 3646 799 3716 dt
825 3644 1055 3718 inferioribus
1074 3651 1196 3719 verbis
1221 3670 1287 3719 vo·

241 3759 344 3818 untes
370 3743 466 3835 ejus,
493 3745 553 3834 qui
576 3741 780 3835 scripserat,
805 3745 1027 3822 nosceretur.
1081 3745 1127 3818 Et
1150 3767 1195 3821 ex
1212 3741 1287 3820 offi-

239 3845 291 3920 :io
320 3847 509 3917 recitatum
543 3841 616 3917 esta
658 3844 854 3925 cecilianus
879 3857 1019 3914 amnium
1049 3847 1147 3941 supra
1180 3872 1288 3917 mama·

239 3967 355 4016 ramum
391 3943 566 4031 sententiis
605 3946 752 4013 innocens
792 3944 832 4038 ⁶ss
864 3951 1105 4039 pronuntiatur.
1174 3947 1287 4044 Quod
1357 4026 1360 4032 Ι

239 4063 310 4118 :um
329 4044 552 4130 recitaretur,
572 4040 769 4118 Donatista
783 4044 973 4141 dixerunt,
991 4046 1065 4122 hoc
1079 4042 1114 4122 sa
1132 4063 1207 4120 non
1229 4063 1289 4139 pe·

280 4143 396 4238 optati
409 4139 490 4236 Afri
509 4141 598 4218 Tam.
614 4141 641 4218 1.
867 4138 931 4241 Pp
1154 4139 1260 4212 <lise
