3200 4784
522 427 661 518 ne
806 469 811 474 .
1244 395 1624 474 opu-rx
1671 397 1920 478 Arar

514 567 688 643 hinc
722 561 1024 660 intelligi
1056 559 1307 653 datur,
1356 560 1550 653 quod
1583 561 2007 639 beatiffimus
2037 560 2294 637 Paulus
2333 563 2646 648 Anost‘o-

495 667 628 741 ‘lus
680 665 907 755 dicat,
972 663 1387 734 charitatem
1438 660 1642 754 poss'e
1693 661 2067 761 obstruere
2117 667 2643 741 multitudinem

514 779 1018 863 peccatorum:
1074 766 1287 831 Onera
1310 761 1551 857 vestra,
1574 763 1861 852 ¹inquit,
1901 771 2175 833 invicem
2197 765 2532 860 sustinete:
2571 768 2642 839 δι

518 867 662 940 alio
691 867 865 938 loco
902 863 1037 936 ait:
1097 862 1404 931 Charitas
1432 865 1852 954 magnanimis
1892 865 2008 958 qli.-
2060 865 2346 935 charitas
2375 868 2642 959 benigna

518 966 633 1063 est:
684 967 963 1036 charitas
991 985 1119 1032 non
1147 963 1443 1030 zelatur.-
1490 962 1774 1030 charitas
1807 985 1936 1033 non
1968 963 2284 1056 inflatur.-
2322 990 2454 1037 non
2481 993 2643 1060 qem-

514 1075 617 1138 rit
646 1087 776 1160 qua
795 1065 913 1151 sna
934 1063 1127 1149 sunt:
1166 1061 1227 1131 δι
1258 1062 1444 1132 bene
1465 1061 1666 1133 dixit.
1735 1058 1912 1134 Haec
1943 1064 2129 1134 enim
2161 1067 2403 1138 omnia
2441 1067 2644 1138 vide-

517 1179 629 1236 rat
662 1164 737 1235 in
768 1159 1135 1255 Apostolis
1171 1161 1485 1238 caeteris,
1540 1161 1660 1250 qui
1695 1159 1898 1232 bono
1928 1162 2218 1233 unitatis
2241 1215 2265 1250 ,
2311 1186 2441 1256 per
2477 1168 2644 1237 cha·

513 1265 801 1337 ritatem
828 1265 1220 1334 noluerunt
1246 1281 1285 1330 a
1312 1260 1824 1332 communione
1849 1259 2034 1331 Petri
2057 1262 2437 1353 recedere,
2483 1266 2641 1355 ejus

512 1353 828 1450 scilicet,
883 1363 1001 1450 qui
1038 1373 1432 1454 negaverat
1456 1355 1833 1431 Christum.
1937 1361 2160 1457 Quod
2199 1359 2248 1432 s1
2278 1363 2504 1451 major
2540 1362 2641 1435 ef:

438 1473 445 1482 '
512 1461 622 1536 set
664 1481 862 1534 amor
896 1461 1369 1546 innocentiae‚
1422 1477 1631 1548 quam
1667 1460 1932 1529 utilitas
1969 1459 2164 1552 pacis
2209 1460 2276 1534 ἀ
2316 1464 2635 1544 unitatis,

515 1565 842 1636 dicerent
876 1557 943 1630 se
976 1579 1126 1630 non
1165 1557 1429 1628 debere
1466 1559 2000 1630 communicare
2035 1558 2299 1652 Petro,
2369 1565 2485 1650 qui
2516 1583 2640 1634 ne-

513 1675 808 1759 gaverat
839 1656 1280 1752 magistrum,
1318 1657 1383 1726 &
1416 1656 1557 1728 Dei
1588 1653 1807 1729 filium
1847 1656 2260 1731 Dominum.
2347 1659 2639 1733 Poss‘ent

369 1753 380 1770 '
511 1781 669 1834 non
720 1757 1250 1831 communicare
1309 1752 1435 1850 (ut
1483 1753 1685 1845 supra
1737 1755 1994 1830 dictum
2047 1757 2192 1853 est)
2244 1760 2637 1834 beatisfimo

511 1859 781 1934 Petro:
845 1855 1133 1949 poss'ent
1179 1871 1440 1927 contra
1482 1856 1680 1928 illum
1723 1859 2028 1929 recitare
2077 1858 2297 1931 verba
2348 1856 2635 1952 Christi,

514 1960 634 2052 qui
667 1955 1082 2051 promiserat
1115 1970 1538 2052 negaturum
1580 1951 1651 2027 se
1691 1953 1830 2029 esse
1873 1956 2057 2049 apud
2098 1971 2416 2048 patrem,
2470 1980 2636 2033 eum

514 2063 635 2150 qui
672 2057 739 2129 se
780 2075 1024 2128 coram
1064 2055 1472 2128 hominibus
1508 2053 1840 2150 negasset.
1944 2056 2057 2125 Ad
2088 2077 2293 2146 quam
2327 2056 2562 2131 forma
2585 2069 2638 2130 n·

514 2159 734 2232 debet
772 2155 1149 2251 diligenter
1188 2153 1503 2243 attendi,
1554 2154 1645 2226 de
1689 2175 1823 2244 qua
1858 2154 2020 2227 dum
2060 2175 2282 2248 pauca
2316 2175 2630 2229 comme-

511 2277 728 2334 moro
755 2308 781 2346 ‚
846 2253 1055 2347 ipsius
1098 2251 1307 2325 sancti
1356 2251 1545 2325 Petri
1597 2255 1974 2327 beatitudo
2017 2257 2299 2327 veniam
2339 2257 2631 2331 tribuat.

510 2356 564 2432 fi
602 2355 773 2430 illud
816 2371 1383 2438 commemorare
1428 2353 1687 2424 videor
1734 2354 1928 2444 quod
1964 2352 2221 2426 factum
2259 2352 2534 2426 constat
2564 2357 2635 2426 δε

508 2459 805 2551 legitur:
876 2453 1133 2526 dubito
1178 2452 1418 2525 dicere
1462 2450 1783 2543 peccasse
1839 2467 2107 2526 tantam
2153 2451 2632 2541 sanctitatem3

508 2555 629 2630 sed
668 2551 814 2649 ipse
847 2555 992 2626 hoc
1026 2550 1285 2625 Factum
1329 2554 1640 2643 probat,
1696 2552 1814 2643 qui
1859 2552 1925 2622 δι
1965 2553 2200 2624 doluit
2232 2573 2509 2643 amare,
2564 2552 2633 2625 δε

507 2655 719 2731 flevit
763 2655 1073 2726 ubertim
1102 2697 1125 2731 ‚
1190 2653 1309 2742 qui
1357 2671 1493 2724 nec
1542 2651 1826 2724 doleret
1867 2673 2002 2724 nec
2039 2651 2287 2744 fleret,
2354 2650 2401 2723 fi
2439 2654 2632 2724 nulia

508 2751 1002 2829 intervenisset
1046 2749 1378 2825 offensio.
1482 2749 1731 2825 Potuit
1771 2752 1875 2821 uti
1931 2773 2019 2821 ue
2063 2773 2139 2821 ea
2199 2769 2279 2821 ut
2315 2748 2379 2821 Α
2439 2749 2631 2821 osto-
