3200 4784
402 806 405 811 ,
493 681 725 809 Lrnsn
769 720 1141 816 nunnius

278 885 323 962 ''1.
340 885 457 1064 Satis
478 899 520 957 ut
543 886 721 977 arbitror,
747 885 783 957 in
803 883 962 960 secundo
982 890 1106 963 libello
1126 891 1171 965 de
1191 888 1352 978 Ecclesia

416 1002 493 1074 quae
514 982 638 1079 sponssr
659 984 710 1057 est
730 982 877 1071 Christi,
912 986 946 1059 dr
965 988 1009 1060 de
1027 990 1102 1081 ejus
1120 992 1289 1085 dntibus,
1315 992 1351 1067 δι

285 1086 332 1161 de
358 1084 565 1159 haereditate
597 1085 746 1157 diximus
772 1087 996 1159 Salvatoris:
1036 1087 1257 1183 consequens
1284 1091 1350 1185 est,

283 1190 404 1281 primo
419 1182 718 1259 schismaticorum
734 1201 878 1257 errores
891 1182 1095 1260 ostendere:
1113 1190 1254 1281 deinde,
1272 1214 1353 1282 quae

284 1286 396 1361 fuerit
414 1281 536 1377 causa,
561 1296 604 1357 ut
619 1284 736 1356 unitas
754 1279 876 1359 fieret:
903 1284 1015 1358 teitio
1037 1291 1113 1377 quis
1130 1289 1278 1382 fecerit,
1308 1299 1352 1363 tlt

283 1387 386 1461 miles
404 1386 608 1458 mitteretur
622 1398 787 1460 armatus.
812 1384 871 1457 Ab
887 1388 1059 1479 operariis
1076 1389 1220 1461 unitatis
1237 1391 1351 1463 multa

284 1484 429 1577 quidem
455 1480 576 1577 aspere
596 1482 691 1579 gesta
714 1481 816 1573 sunt,
850 1484 910 1557 sed
936 1506 978 1556 ea
997 1486 1039 1557 ad
1060 1489 1143 1578 quid
1165 1490 1349 1581 imputatis

282 1580 471 1674 Leontio,
497 1582 688 1669 Macerio,
717 1584 776 1653 vel
792 1580 986 1656 Taurino?
1011 1586 1185 1677 imputate
1206 1589 1349 1678 majori·

282 1683 353 1757 bus
376 1678 522 1754 vellris:
557 1682 616 1771 qui
635 1678 744 1776 (ficut
763 1682 801 1755 in
823 1679 1004 1777 Propheta
1022 1682 1191 1777 scriptum
1212 1687 1282 1783 est)
1304 1699 1348 1760 ut

283 1782 393 1856 vobis
418 1778 660 1872 stupescerent
684 1780 829 1873 dentes,
853 1782 916 1875 ipsr
936 1804 1024 1854 uuas
1046 1786 1163 1855 acidas
1182 1785 1347 1859 comede·

272 1869 380 1962 ‘'tunt.
435 1878 507 1953 lliis
533 1884 672 1974 primo,
703 1886 762 1972 qui
786 1886 963 1975 populum
980 1882 1051 1955 Dei
1070 1881 1285 1970 diviserunt,
1313 1885 1349 1957 dt

281 1974 445 2055 Basilicas
468 1978 636 2053 fecerunt
657 1999 733 2052 non
757 1978 977 2057 necessarias.
1029 1982 1169 2056 Deinde
1195 1985 1348 2056 Donato

283 2076 532 2173 Carthaginis,
551 2080 610 2169 qui
624 2080 868 2171 provocavit,
887 2095 928 2152 ut
943 2080 1059 2153 unitas
1077 2077 1243 2174 proximo
1259 2098 1350 2155 tem-

280 2198 375 2273 pore
393 2175 470 2249 lieri
488 2192 699 2253 tentaretur.
748 2178 879 2254 Tertio
892 2180 1046 2253 Donato
1059 2173 1255 2277 Bagajc'nfi,
1283 2183 1346 2272 qui

279 2277 434 2353 insanam
455 2279 653 2373 collegerat
671 2278 958 2369 multitudinem,
986 2300 1090 2370 aqua
1105 2300 1150 2353 ne
1165 2280 1346 2352 Macarius

280 2378 495 2452 violentiam
512 2391 713 2471 pateretur:
747 2376 866 2469 adse,
895 2378 993 2451 &ad
1015 2400 1077 2469 ea,
1105 2399 1182 2471 quae
1204 2378 1346 2451 serebat

280 2480 443 2569 tutanda,
460 2478 584 2552 ar'mati
601 2478 720 2551 militis
737 2476 935 2571 postulavit
948 2480 1124 2553 auxilium.
1151 2478 1347 2575 Venerunt

279 2592 369 2653 tunc
392 2600 472 2653 curu
491 2579 664 2671 pharetris
684 2579 866 2671 armigeri,
899 2581 1036 2670 repleta
1056 2576 1107 2650 est
1125 2596 1347 2668 unaquaque

279 2682 409 2751 civitas
433 2677 712 2752 vociferantium
737 2678 972 2750 clamoribus:
1010 2677 1173 2750 nuntiata
1189 2680 1344 2766 unitate,

278 2777 417 2871 fugistis
439 2798 581 2853 omnes.
637 2776 738 2850 Nulli
761 2776 890 2873 dilium
911 2775 981 2867 est,
1007 2782 1222 2866 negantum:
1252 2776 1345 2847 nulli

279 2876 412 2952 ditium
438 2876 519 2967 est,
558 2880 687 2946 incende
713 2878 938 2970 salsamentum,
995 2875 1096 2950 Nulli
1123 2874 1251 2949 distum
1278 2871 1346 2967 est,

277 2996 339 3049 aur
365 2976 442 3044 rhus
464 2995 566 3070 pne,
599 2988 660 3047 aut
682 2978 827 3065 Bafih'ca‘
852 2980 950 3050 dirue.
1002 2974 1077 3047 istae
1098 2977 1191 3048 enim
1207 2994 1265 3047 res
1287 2973 1344 3045 so·

276 3078 356 3149 lent
370 3072 548 3167 Martyria
565 3093 746 3169 generare.
797 3076 1020 3149 Renunciata
1040 3073 1243 3157 enutritas,
1268 3070 1345 3147 sola

275 3174 423 3250 fuerant
443 3175 693 3264 hortamenta,
721 3189 760 3247 ut
776 3176 877 3248 Deus
896 3170 1215 3272 &errimus-elus,
1242 3193 1262 3244 a
1278 3192 1344 3264 po·

274 3278 366 3368 pulo
385 3276 420 3345 in
437 3292 546 3346 unum
563 3275 833 3366 conveniente,
858 3276 991 3366 pariter
1005 3286 1204 3367 rogaretur.
1249 3267 1343 3345 Nui-

274 3377 332 3451 lus
366 3387 444 3447 erat
477 3375 636 3465 primitus
670 3388 799 3447 terror.
860 3373 981 3445 Nemo
1017 3372 1155 3446 viderat
1188 3373 1341 3463 virgam:

274 3495 387 3551 nemo
402 3472 617 3546 custodiam:
640 3469 712 3545 sola
730 3470 791 3568 (ut
806 3470 1080 3570 supradiximus)
1097 3472 1239 3545 fuerant
1255 3469 1342 3541 hor·

273 3587 447 3648 tamenta.
496 3570 679 3647 Timuistis
700 3592 846 3659 omnes,
873 3568 1029 3667 fugistis,
1057 3567 1273 3663 trepidastis:
1299 3582 1344 3641 ut

272 3681 345 3767 ‘pro
365 3689 469 3745 certo
494 3672 539 3746 de
562 3673 669 3745 vobis
691 3669 822 3745 didlum
845 3670 907 3762 iit,
934 3672 1032 3763 quod
1049 3674 1086 3745 in
1106 3668 1243 3745 Psalmo
1264 3665 1342 3745 Lll.

272 3769 529 3862 scriptumest:
562 3764 598 3843 T
611 3774 821 3863 epidamnus
837 3771 888 3838 uli
905 3796 969 3843 usn
985 3788 1053 3842 erar
1069 3777 1176 3845 rimor.
1219 3764 1342 3861 'Fuge-

270 3884 358 3943 runt
383 3870 491 3964 igitur
510 3893 636 3946 omnes
652 3868 817 3960 Episcopi
837 3892 916 3943 cum
937 3870 1084 3945 Clericis
1102 3869 1193 3960 suis,
1230 3867 1340 3957 aliqui

272 3967 355 4042 sunt
370 3973 515 4043 mortui.
569 3973 643 4072 Qui
661 3970 836 4047 fortiores
861 3972 1030 4068 fuerunt,
1063 3972 1160 4068 capti
1175 3967 1209 4041 dt
1227 3969 1340 4065 longe

256 4070 421 4161 relegati
430 4066 527 4142 sunt.
1241 4163 1276 4239 E

434 4173 438 4179 '
1183 4188 1221 4243 a.
1274 4174 1294 4237 t
