3200 4784
547 382 702 462 Lnnnn·
728 399 982 489 secuunns.
1244 417 1294 496 ⁴³

228 555 270 628 in
291 549 443 650 caligine
463 547 566 622 claull
590 547 702 638 aeris,
728 545 877 618 alterum
894 545 997 634 juxta
1018 544 1054 621 se
1071 549 1195 627 videre
1216 544 1296 634 non

226 656 366 751 potuit.
428 645 707 724 Innumerabiles
735 645 917 734 antiquum
941 643 1075 740 Regem
1102 654 1297 744 sequeban.

229 769 291 826 tur
307 751 506 826 exercitus:
531 745 590 820 sed
603 743 675 838 ipse
691 764 754 817 rex
768 743 804 816 in
820 742 1034 835 potestatem
1050 770 1200 828 venerat
1214 759 1300 832 alie·

230 873 330 928 nam.
387 847 625 932 Occafionem
646 841 804 916 vicioriae
825 841 944 916 David
961 848 1115 922 habebat
1130 876 1164 926 m
1187 859 1299 930 mani·

231 953 327 1041 bus:
360 951 544 1024 incautum
563 947 596 1017 ur
615 942 772 1016 securum
790 943 1047 1038 adversarium,
1079 949 1150 1023 sme
1169 956 1299 1034 labore

230 1066 380 1146 poterat
395 1049 575 1144 jugulare:
603 1043 720 1145 &fine
737 1038 903 1136 sanguine
926 1045 959 1118 ἃ
979 1046 1149 1123 conflictu
1167 1059 1301 1130 multo·

231 1171 342 1239 rum,
376 1161 523 1244 poterat
544 1145 679 1218 bellum
700 1157 839 1214 mutare
864 1145 900 1214 in
923 1147 1064 1222 caedem.
1127 1146 1174 1224 Et
1196 1159 1301 1245 pueri

234 1249 316 1342 ejus
335 1249 370 1320 &
390 1248 532 1320 occasio
551 1243 754 1316 suadeant.
805 1239 862 1311 Ad
881 1243 1065 1320 victoriam
1082 1256 1302 1343 opportuni-

234 1363 293 1422 tas
313 1349 539 1421 hortabatur.
590 1341 771 1438 stringere
791 1341 862 1432 jam
886 1361 1043 1438 coeperat
1069 1347 1221 1425 ferrum:
1247 1353 1303 1428 irs

230 1449 308 1542 iam
326 1459 485 1544 coeperat
503 1457 636 1520 armata
657 1460 781 1514 manus
805 1438 950 1516 hostiles
969 1446 1006 1516 in
1022 1446 1180 1542 jugulos.
1230 1451 1304 1526 seu

236 1547 404 1622 obllabat
416 1548 523 1639 plena
533 1544 738 1617 divinorum
749 1545 922 1614 memoria
935 1547 1201 1623 mandatorum:
1218 1549 1305 1623 hor·

234 1651 399 1721 tentibus
421 1645 457 1718 se
481 1645 599 1737 pueris
626 1642 659 1713 ἃ
688 1641 936 1714 occasionibus
962 1649 1199 1738 contradicit,
1226 1664 1304 1726 tan·

236 1767 347 1838 quam
373 1748 407 1818 &
431 1745 505 1818 hoc
528 1745 683 1816 diceret:
717 1745 798 1810 Sine
813 1743 900 1824 causa
919 1768 964 1814 me
979 1745 1116 1818 viiluna
1128 1770 1304 1844 provocas:

226 1844 364 1940 saalim
378 1871 423 1914 ms
439 1845 546 1936 oacafio
563 1868 598 1912 m
616 1839 793 1934 triumphus
807 1847 943 1910 iuvatur.
984 1845 1148 1918 Volebat
1164 1848 1306 1924 hostem

235 1946 417 2018 vincere:
442 1941 500 2014 sed
517 1945 612 2034 prius
629 1937 680 2012 est
696 1939 818 2011 divina
833 1957 1011 2034 praecepta
1023 1940 1173 2022 servare.
1206 1954 1305 2042 Nom

236 2042 390 2133 inquit,
423 2047 550 2140 mittum
574 2065 687 2110 manus
713 2047 750 2108 in
765 2035 901 2135 'nulium
924 2045 1071 2116 Domini.
1131 2043 1330 2142 Reprcffit'

242 2160 327 2214 cum
344 2143 463 2236 gladio
484 2160 645 2214 manum:
678 2137 815 2210 &dum
838 2139 956 2212 timuit
977 2143 1121 2238 oleum,
1148 2144 1308 2220 servavit

241 2241 438 2317 inimicum.
490 2237 539 2313 Et
559 2255 598 2312 ut
618 2239 819 2330 compleret
838 2238 1122 2327 observantiam,
1148 2248 1310 2326 vindica·

245 2341 305 2425 vit
330 2340 497 2415 occisum.
548 2341 630 2413 Vos
655 2359 725 2412 nec
749 2337 869 2411 Deum
893 2340 1050 2434 timetis,
1086 2365 1154 2418 nec
1179 2347 1310 2419 fratres

246 2436 465 2535 agnoscitist
499 2439 537 2515 in
574 2453 660 2512 cote
689 2438 816 2520 livoris
852 2436 989 2514 acuistis
1018 2445 1217 2516 novaculas
1244 2446 1313 2517 lin·

247 2559 345 2636 guae:
372 2539 405 2629 δι
426 2539 548 2613 divina
566 2554 751 2633 praecepta.
770 2539 971 2627 calcantes,
999 2539 1207 2616 miserorum
1226 2563 1314 2635 pro·

247 2636 393 2732 perastis
407 2640 443 2712 in
460 2641 592 2731 capita:
622 2652 663 2710 ut
679 2639 715 2711 in
729 2638 974 2725 captivitatem
990 2658 1107 2710 caecos
1123 2643 1156 2712 δι
1172 2643 1316 2734 imperi*

248 2751 311 2812 toa
326 2743 509 2834 populos,
529 2738 698 2831 iugulatis
716 2735 886 2814 ducibus,
914 2736 1113 2814 traheretis.
1164 2739 1314 2814 Eluritis

246 2838 409 2919 honores
426 2838 676 2910 innocentium
695 2833 951 2907 Sacerdotum:
991 2836 1085 2910 unde
1106 2838 1224 2918 ¹furori
1250 2863 1316 2914 ve-

247 2935 325 3012 stro
348 2950 448 3010 tanta
468 2937 579 3009 fames
598 2938 720 3006 innata
737 2931 804 3018 est.
833 2948 874 3004 ut
894 2949 1038 3027 guttura
1062 2937 1185 3012 vestra¹
1202 2939 1316 3029 sepul·

250 3055 313 3111 cra
338 3037 497 3128 patentia
523 3035 702 3108 faceretis.
766 3029 973 3124 Unicuique
997 3032 1161 3127 sepulcro
1189 3037 1317 3112 sufficit

249 3153 362 3210 unum
385 3135 513 3227 funus,
551 3135 584 3207 δι
608 3134 801 3206 clauditur:
834 3136 970 3226 gutturi
991 3134 1114 3223 vestro
1131 3140 1318 3214 honorum

248 3235 379 3315 funera
399 3238 542 3309 minime
563 3233 875 3332 s:.:ffecerunt‚-.&
902 3234 1018 3306 adhuc
1043 3251 1196 3329 patent,
1232 3239 1319 3310 dum

252 3335 394 3426 aliquos
412 3335 566 3425 quaeriais
582 3331 784 3420 devorare3
807 3347 847 3404 ut
860 3337 991 3406 merito
1004 3335 1050 3408 de
1062 3338 1170 3409 vobis
1187 3333 1320 3412 diuum

253 3430 317 3508 lit:
344 3438 526 3527 Sepulcrum
539 3451 655 3526 putens
669 3435 708 3528 efl
718 3450 838 3525 gultur
855 3458 967 3504 curura.
1010 3433 1113 3510 Nam
1135 3435 1232 3509 &de
1248 3455 1322 3526 ma·

254 3531 450 3607 ledietione
465 3533 692 3625 presumitis,
719 3551 800 3604 cum
819 3529 985 3621 scriptum
1001 3532 1061 3606 llt:
1087 3537 1267 3608 Benedicire
1280 3531 1322 3610 θ’·

211 3719 214 3726 ,
254 3634 564 3705 noluemalerlicere.
624 3633 795 3728 Quisquis
822 3645 951 3703 contra
977 3630 1129 3706 vestram
1154 3634 1326 3708 volume,

258 3745 335 3806 tem
365 3731 494 3824 aliquid
520 3729 677 3820 fecerit„
710 3729 1107 3823 intentatisterrores,
1136 3731 1327 3817 maledlsta

257 3833 420 3926 praetend
435 3835 492 3909 tis.
545 3829 594 3901 Et
612 3829 694 3919 quia
712 3829 818 3922 aliqui
842 3830 1028 3918 homines,
1051 3830 1131 3924 plus
1149 3833 1230 3910 mali
1251 3854 1327 3911 anor

260 3935 335 4004 reri
356 3930 517 4024 poffimr,
544 3950 647 4029 quam
667 3927 792 4018 bonis,
801 3928 976 4018 quidquid.
983 3928 1153 4022 judicium
1173 3933 1244 4012 Dei
1264 3942 1329 4018 anfi

258 4033 591 4128 seculiarium
612 4027 764 4122 feceno,
782 4029 914 4123 sutria
934 4028 1061 4127 veluus
1072 4031 1339 4203 nueuluuouu

375 4138 396 4193 ’.
1255 4148 1308 4200 us
