3200 4784
584 430 682 505 4·
803 407 811 415 '
1258 405 1693 487 ⁵01³·rA11
1756 403 2009 486 Atat

595 571 831 646 derunt
884 593 1131 643 arcanus
1191 585 1591 664 paraverunt
1642 569 1908 664 sagittas
1957 574 2029 639 in
2073 570 2384 661 pharetra
2428 567 2577 650 sua,
2642 570 2726 641 ad

583 674 981 770 fiaqittandns
1029 695 1101 740 m
1138 669 1249 746 obli
1266 695 1378 739 uro
1418 669 1612 740 reflos
1643 671 1836 743 corde.
1941 669 2136 763 Quid
2169 691 2206 741 a
2240 671 2454 742 vobis
2492 671 2724 742 minus

594 771 859 847 factum
909 769 1009 843 est
1060 767 1307 841 vestris
1358 766 1726 841 confiliis?
1791 767 2114 862 sagittati
2177 767 2334 841 sunt
2380 771 2725 841 innocen-

594 885 709 946 tes
744 923 771 960 ‚
841 871 1177 944 exarmati
1238 865 1530 954 fideles,
1600 869 1889 942 honore
1937 868 2246 940 nominis
2295 867 2392 939 sui
2441 865 2722 960 spoliati

594 970 759 1045 sunt
794 967 1247 1043 Sacerdotes.
1354 967 1423 1040 O
1457 969 1782 1060 impietas
1818 968 2174 1057 inaudita,
2223 988 2428 1056 quem
2456 969 2728 1062 jugula·

595 1070 793 1142 veris
833 1072 1021 1141 inter
1053 1068 1494 1160 poenitentiae
1536 1082 1899 1139 tormenta
1941 1064 2258 1138 servare!
2313 1067 2392 1139 ln
2436 1087 2728 1158 compa-

593 1170 806 1242 tione
856 1169 1099 1261 operis
1146 1165 1407 1256 vestri,
1478 1167 1835 1239 latronum
1885 1168 2123 1238 levior
2160 1166 2448 1238 videtur
2478 1167 2724 1238 imma-

592 1270 808 1345 nitas.
946 1267 1107 1338 Vos
1170 1267 1423 1338 vivum
1486 1265 1720 1338 f'acitis
1787 1265 2301 1342 homicidium:
2369 1267 2556 1337 latro
2613 1267 2727 1354 ju-

482 1418 489 1427 ·
648 1368 855 1440 ulatis
894 1366 1017 1440 dat
1060 1366 1149 1438 de
1188 1380 1425 1439 morte
1464 1365 1993 1459 compendium.
2073 1363 2538 1458 Paupertate
2572 1362 2722 1436 sen-

594 1387 713 1540 ἕως
770 1465 864 1538 fisi
922 1466 1392 1538 circumventi
1460 1464 1673 1557 sunt,
1757 1484 1937 1555 quos
1991 1463 2321 1556 decipere
2373 1462 2724 1556 potuistis.

597 1563 907 1640 Perfeffl
950 1568 1137 1636 enim
1177 1563 1461 1635 fuerant
1496 1564 1594 1635 illi
1621 1615 1639 1647 ,
1693 1583 1918 1655 opere
1953 1561 2223 1636 scilicet
2260 1563 2445 1653 Dei,
2500 1564 2616 1654 qui
2651 1567 2726 1639 in

503 1736 509 1745 ,
599 1666 756 1756 ejus
806 1665 1101 1735 nomine
1154 1662 1440 1734 fuerant
1482 1663 1816 1738 ordinati.
1936 1661 2030 1734 Et
2070 1683 2208 1734 vos
2249 1677 2502 1735 contra
2539 1682 2722 1754 opus

597 1761 747 1838 Dei
772 1761 1123 1836 hostiliter
1145 1762 1576 1852 militantes,
1631 1763 1947 1834 divinum
1983 1781 2164 1853 opus
2194 1761 2476 1834 malitiae
2508 1760 2726 1834 vetiti-

599 1863 739 1936 bus
781 1859 1246 1936 destruentes.
1356 1861 1680 1955 Apparet
1715 1881 1889 1957 ergo
1921 1860 2010 1934 de
2037 1860 2252 1932 vobis
2289 1859 2549 1935 dietum
2583 1859 2724 1934 ess‘e

597 1961 678 2033 in
701 1958 971 2034 Psalmo
1002 1960 1100 2032 X:
1152 1964 1474 2050 Quantam
1509 1986 1640 2057 quae
1671 1979 1743 2030 tu
1765 1961 2096 2057 perfecisti,
2132 1961 2239 2056 fpfi
2266 1960 2726 2057 destruxerunt.

601 2058 812 2138 Fecit
859 2080 999 2132 vos
1038 2057 1381 2152 superbos
1425 2061 1750 2151 impietas
1791 2059 2052 2134 vestra:
2111 2057 2229 2132 sed
2265 2057 2544 2151 accusat
2581 2079 2726 2130 vos

602 2157 1047 2256 prospiciens
1090 2157 1178 2230 de
1223 2160 1407 2233 coelo
1438 2159 1739 2247 justitia:
1812 2159 1877 2232 δι
1926 2159 2164 2248 iniqua
2215 2179 2355 2231 vos
2394 2171 2729 2254 gerentes

606 2260 815 2331 error
858 2259 1226 2332 hominum
1274 2261 1511 2330 laudat
1540 2310 1561 2345 ,
1635 2274 1716 2330 ut
1764 2258 1852 2331 de
1905 2259 2118 2330 vobis
2168 2260 2241 2329 in
2291 2257 2407 2330 lX.
2450 2255 2724 2328 Psalmo

605 2357 868 2430 dixerit
906 2355 1205 2452 Spiritus
1234 2356 1560 2432 Sanctus:
1634 2361 1959 2452 Quoniam
1997 2359 2301 2430 laudatur
2337 2371 2611 2452 peccator
2653 2363 2728 2427 in

603 2459 907 2551 desideriis
957 2465 1182 2527 animae
1212 2458 1390 2546 [κα.-
1460 2459 1535 2533 (Ἱ
1560 2465 1693 2554 ,qui
1745 2462 1963 2555 iniqua
2004 2461 2246 2549 egerit,
2315 2456 2726 2531 benedicetur.

609 2556 809 2654 Quid
847 2557 1199 2647 iniquius,
1265 2575 1473 2648 quam
1520 2557 1938 2629 exorcizare
1970 2557 2308 2649 Spiritum
2340 2555 2665 2628 Santium
2693 2553 2732 2625 ἓ

606 2657 850 2727 altaria
881 2653 1269 2752 frangere?
1338 2653 1838 2730 Eucharistiam
1878 2656 2290 2728 animalibus
2318 2653 2726 2754 projicere?

603 2751 706 2827 Et
730 2771 810 2823 ut
838 2759 906 2827 in
938 2775 1250 2827 errorem
1282 2775 1414 2827 vna
1442 2753 1674 2831 vester
1755 2779 1799 2827 o
1854 2753 2011 2827 ulus
2043 2754 2275 2827 mittat
2371 2753 2727 2827 laudando
