3200 4784
413 384 474 475 ps
500 322 1194 491 DousrrsraruuHrst‘onrsf
1218 354 1219 359 '
1261 371 1331 462 365

263 528 306 604 in
326 529 463 600 ceteris
476 523 680 599 Provinciis
697 524 874 599 Africanis
891 524 1096 607 nostrorum
1112 538 1266 609 numero
1280 530 1330 602 fa·

230 696 234 701 .
262 630 399 702 cillime
415 623 637 719 superentur,
648 639 708 698 aut
719 640 820 698 certe
837 647 874 699 m
887 629 1157 720 comparatione
1167 650 1328 704 omnium
1371 634 1374 641 ’

263 729 459 824 gentium,
500 745 563 816 per
589 745 672 815 quas
698 724 887 799 Catholica
911 728 1119 800 communio
1146 728 1328 818 dilatatur,

264 848 334 900 eos
359 821 428 897 else
446 820 664 915 paucissimos
684 820 867 898 rettilsrme
889 826 1049 901 dicimus.
1098 825 1169 899 Sed
1189 828 1329 901 nuncsr

261 944 455 1001 numerum
478 920 575 995 suum
595 922 823 997 innotescere
845 923 1062 1015 voluissent,
1094 946 1217 999 nonne
1233 927 1330 999 ordi·

263 1026 385 1100 matius
400 1037 506 1113 atque
524 1024 747 1113 tranquillius
766 1021 1010 1098 innotesceret
1027 1043 1091 1117 per
1109 1045 1235 1100 eornm
1250 1025 1329 1098 sub-

263 1123 505 1215 scriptiones,
532 1142 637 1211 quas,
664 1135 706 1193 ut
720 1122 890 1196 mandato
914 1121 978 1195 suo
1002 1137 1039 1195 te
1060 1139 1232 1198 cernente
1251 1124 1330 1198 sub-

259 1226 441 1318 jungant,
474 1221 592 1293 edisio
619 1219 862 1294 admonuisti?
903 1223 1002 1317 Quid
1025 1221 1087 1296 srbi
1114 1244 1200 1318 ergo
1225 1228 1328 1317 vult,

266 1323 368 1437 quod
394 1320 598 1393 collationis
625 1321 712 1392 loco
739 1339 866 1395 omnes
892 1319 1008 1393 adesse
1019 1320 1261 1395 defideranr?
1290 1324 1331 1397 si

267 1423 364 1496 enim
390 1441 514 1516 pacem
536 1439 611 1492 non
632 1419 819 1513 cogitant,
845 1416 944 1510 quid
967 1440 1054 1497 non
1066 1424 1330 1515 perturbabunt

266 1518 455 1595 locuturi?
478 1518 637 1609 autquid
651 1519 724 1590 illic
739 1519 874 1591 facient
888 1517 1060 1592 tacituri?
1084 1518 1180 1593 Nam
1197 1520 1331 1596 etiarnsr
1355 1530 1365 1555 ³

269 1624 408 1694 clamor
433 1638 509 1691 non
534 1618 599 1709 fit,
633 1616 728 1690 solus
753 1615 913 1691 susurrus
932 1617 1005 1713 ipse
1030 1604 1225 1695 multorum
1248 1621 1329 1693 satis
1383 1658 1388 1670 =

267 1739 434 1834 magnum
455 1716 639 1808 strepitum
662 1715 791 1808 faciet,
817 1737 891 1808 quo
909 1717 1122 1813 impediatur
1143 1720 1203 1791 illa
1221 1708 1331 1793 coll'a·

270 1820 339 1894 tio
396 1816 495 1913 Quid
517 1815 569 1891 est
590 1830 730 1906 autem,
765 1816 898 1907 quod
887 1837 924 1889 ιιι
945 1819 1085 1891 notaria
1106 1816 1164 1891 sua
1190 1838 1330 1913 ponen-

269 1918 354 1991 dum
372 1930 564 2010 putarunt,
590 1915 675 1987 ideo
692 1914 727 1987 se
742 1913 836 2005 juste
853 1914 1043 2010 flagitasse,
1069 1930 1110 1989 ut
1127 1938 1252 1992 omnes
1270 1919 1331 1991 ad·

269 2016 407 2111 essent,
423 2019 503 2108 quia
516 2034 641 2089 ornnes
657 2016 833 2087 conventi
849 2016 949 2106 sunt,
965 2031 1006 2087 ut
1022 2018 1207 2089 venirent:
1234 2016 1338 2109 quasr.

267 2115 413 2210 pollent
423 2118 507 2211 eligi
524 2117 642 2207 pauci,
660 2117 719 2205 qui
737 2113 852 2188 adesse
865 2115 1058 2208 deberent,
1074 2116 1135 2191 nisr
1153 2118 1196 2188 ab
1215 2119 1331 2189 omni·

269 2222 351 2303 bus,
367 2213 626 2307 quivenillent,
642 2226 683 2285 ut
698 2233 824 2288 eorum
836 2213 1003 2287 elestioni
1017 2228 1054 2287 te
1071 2214 1242 2307 praesente
1254 2214 1332 2287 sub-

248 2360 250 2367 ·
270 2315 479 2408 scriberent,
495 2337 536 2387 ac
547 2314 640 2387 srcin
653 2314 776 2405 paucis
790 2334 917 2387 omnes
932 2313 1055 2392 ellent,
1066 2335 1145 2384 cum
1162 2317 1204 2386 ab
1219 2314 1333 2386 omni·
1381 2372 1384 2379 ,

254 2417 337 2509 ‚bus
352 2418 454 2509 pauci
466 2413 569 2488 elesii
579 2411 700 2487 essent.
726 2411 806 2483 Aut
818 2433 904 2506 ergo
920 2414 1092 2486 turnultus
1110 2413 1153 2483 ab
1168 2413 1218 2484 eis
1234 2412 1332 2507 cogi·

270 2530 368 2587 tatur
384 2530 444 2586 aut
460 2530 547 2605 pax:
566 2532 718 2601 quorum
735 2511 823 2581 illud
841 2524 1021 2604 optamus,
1041 2510 1128 2583 illud
1143 2530 1331 2583 cavemus:

270 2615 410 2686 &ideo
434 2612 625 2697 neforto,
656 2608 754 2698 quod
781 2608 889 2699 absrt,
922 2610 995 2679 hoc
1018 2624 1239 2700 -praeparetur
1264 2631 1331 2699 po·

271 2716 365 2801 tius,
384 2712 482 2801 quod
501 2728 690 2795 cavemus,
711 2725 815 2796 quam
831 2705 930 2797 quod
949 2719 1129 2799 optamus,
1151 2707 1332 2782 consenti-

272 2830 352 2884 mus
368 2807 484 2880 adesse
504 2826 629 2879 omnes
643 2807 746 2895 illos,
762 2817 804 2877 ut
819 2818 939 2878 tamen
956 2808 1097 2881 anobis
1111 2819 1232 2881 tantus
1245 2808 1332 2883 adsrt

272 2929 465 2998 numerus,
499 2918 652 2997 quantus
682 2916 752 2977 tuae
778 2901 1020 2995 spectabilitati
1048 2904 1206 2981 sufficere
1236 2909 1331 2982 visus

273 3008 342 3083 est·
361 3024 402 3080 ut
415 3003 671 3080 tumultuosum
684 3008 885 3097 perturbas,
901 3005 925 3078 sr
943 3005 1027 3095 quid
1042 3006 1237 3088 emerserit,
1252 3028 1332 3083 non

272 3109 336 3181 misr
353 3110 402 3180 eis
416 3105 536 3179 reste
527 3119 741 3199 imputetur,
758 3106 961 3197 inquorum
976 3106 1240 3198 partepraesens
1255 3107 1332 3181 sue-

273 3210 332 3281 rit.
391 3205 449 3279 Ad
466 3227 573 3299 rem,
582 3226 660 3298 quae
683 3225 702 3275 a
720 3204 842 3296 paucis
860 3204 994 3300 agenda
1007 3203 1082 3297 est,
1107 3209 1259 3281 omnino
1278 3205 1333 3279 su·

271 3305 412 3402 perflue
424 3305 628 3379 multitudo
660 3304 697 3376 Sr
711 3306 967 3396 autem,quod
981 3306 1081 3377 votrs
1093 3306 1258 3377 omnrbus
1272 3326 1333 3377 cu·

270 3408 419 3520 pimus,
443 3405 541 3495 quod
568 3405 734 3477 ardenter
755 3405 977 3496 appetimus,
1008 3404 1107 3493 quod
1125 3402 1333 3494 suppliciter

272 3498 472 3580 aDomino
493 3504 750 3593 deprecamur,
782 3499 885 3573 causa
908 3503 1055 3574 unitatis
1078 3500 1247 3577 faciendae
1273 3504 1335 3593 illa

274 3607 344 3678 erit
372 3601 563 3679 necessaria
589 3601 814 3693 multitudo,
835 3621 930 3674 cum
957 3601 1169 3690 voluerint,
1204 3622 1333 3677 omnes

272 3706 470 3795 aderimus,
498 3701 590 3774 &ad
612 3716 750 3772 tantum
773 3701 909 3773 bonum
935 3699 1000 3771 illo
1024 3700 1236 3795 adjuvante,
1269 3702 1334 3792 qui

271 3803 346 3877 hoc
366 3796 499 3884 donat,
531 3800 695 3873 alacriter
714 3800 1015 3891 convolabimus,
1040 3798 1223 3890 dicentes,
1249 3800 1334 3876 Fra-

273 3916 347 3976 tres
369 3903 480 3977 nostri
505 3900 606 3992 estis,
637 3919 714 3972 non
729 3900 802 3991 jam
818 3898 896 3987 eis,
930 3900 1076 3989 quinos
1098 3852 1343 3991 detestintur,

265 3999 333 4078 sed
351 4007 411 4096 qui
429 4003 518 4077 odio
539 3999 646 4077 finito
666 3995 948 4098 amplestuntur,
974 4010 1015 4075 ut
1028 4016 1164 4077 nomon
1176 3996 1337 4165 3ng
