3200 4784
257 396 333 505 ¹302
423 386 440 434 ·’
514 396 1070 515 rlouonerrrvesers

265 581 311 658 48
339 563 548 655 Prosecutio
568 562 835 640 Donatistarum
852 564 898 639 de
918 567 1090 641 dilatione
1110 562 1333 659 accipienda.

267 694 315 768 49
343 667 604 759 interlocutio,
632 667 728 756 quod
745 667 867 756 priore
881 666 1019 757 judicio
1037 670 1093 761 id,
1115 672 1214 760 quod
1231 688 1333 741 nunc

370 764 558 860 flagitant,
581 764 935 857 peteredebuerunt.
1003 792 1006 797 ·
1055 764 1058 769 ’

268 890 316 960 so
343 865 552 940 Prosecutio
564 862 858 951 Catholicorun,
872 886 941 957 qua
957 864 1241 956 demonstratur,
1258 886 1333 959 quo

368 966 425 1039 die
443 966 485 1037 ad
503 964 733 1037 collationem
752 984 832 1055 pars
847 986 994 1055 quaeque
1011 969 1241 1041 convenerit.

272 1090 327 1165 51·
343 1066 583 1141 lnterlocutio
603 1061 819 1136 confirmans
831 1064 996 1157 superius
1013 1066 1222 1158 judicatum.
1260 1072 1264 1081 '

270 1192 316 1261 52
343 1161 552 1240 Prosecutio
569 1162 856 1257 Donatistarum,
876 1164 937 1237 ubi
953 1183 1066 1259 nuper
1085 1164 1197 1238 aslum
1213 1166 1259 1237 de
1277 1165 1334 1240 die

368 1265 600 1355 refragantur.

273 1388 317 1461 53
344 1360 516 1439 Profellio
538 1360 690 1453 partium
715 1376 784 1455 pro
809 1354 978 1456 surreptis
1001 1362 1146 1436 tabulis:
1182 1362 1332 1455 propria

233 1530 236 1534 .
371 1464 465 1559 ligna
482 1460 717 1559 cognoscunt.

272 1588 320 1658 54
344 1562 417 1637 Ubi
429 1559 773 1637 dieuntuonanstae,
787 1554 960 1633 stcsolere
970 1559 1178 1633 testamenta
1191 1560 1335 1652 aperiri.

271 1661 583 1831 551nterloc13tio
616 1660 787 1732 cohibens
822 1662 983 1753 proprias
1010 1660 1247 1754 prosellrones
1280 1682 1334 1735 re·

371 1760 504 1854 prelren
532 1760 554 1835 i.

272 1866 319 1954 56
344 1858 553 1935 Prosecutio
572 1856 867 1950 catholicorum,
899 1856 960 1931 ubi
978 1858 1186 1953 permittunt
1205 1860 1337 1955 judici,

371 1962 576 2052 petentibus
591 1957 787 2031 Donatistis
806 1960 965 2031 inducias
982 1974 1190 2050 prorogare.

265 2078 332 2156 ’57-
347 2060 584 2132 interlocutio
600 2077 758 2146 qtraerens
768 2059 811 2129 ab
821 2058 1090 2150 exceptoribus,
1105 2057 1147 2130 ad
1160 2079 1264 2149 quern
1284 2076 1323 2130 ar

369 2159 517 2231 ticulum
542 2156 582 2228 srt
607 2152 718 2226 dilata'
729 2158 914 2249 cognitio,
949 2159 1033 2228 licet
1058 2154 1100 2227 ad
1125 2158 1336 2233 dilationem

369 2255 679 2349 utriusquepartis
700 2253 889 2348 consensus
908 2252 1100 2327 accesserit.
1287 2274 1291 2279 ·

272 2369 319 2453 58
345 2353 543 2450 Responsio
570 2352 860 2448 Donatistarum,
895 2358 956 2429 ubi
979 2356 1106 2427 dicunt·
1125 2354 1335 2449 dilationem

371 2478 444 2530 non
463 2453 526 2528 suo
543 2454 637 2526 vitio
654 2454 852 2549 prorogari.

273 2580 319 2655 59
346 2557 588 2629 lnterloeutio
601 2554 884 2648 cognitoris,ubi
895 2550 1055 2647 precipit
1066 2553 1220 2645 recitari,
1234 2548 1334 2644 quod

373 2675 487 2750 nuper
505 2654 662 2726 exailum
682 2652 749 2731 eii:
776 2655 808 2725 lit
828 2653 1008 2727 recitatur.
1035 2718 1039 2733 ,

254 2746 322 2831 Coo
347 2752 430 2827 Post
446 2758 697 2826 recitationem
715 2755 971 2845 interlocutio,
1006 2774 1073 2845 qua
1090 2750 1270 2839 clarescit,
1296 2746 1332 2823 in

372 2854 578 2946 praesentent
598 2855 691 2927 diem
710 2851 882 2927 consensu
899 2847 1050 2948 partium
1068 2856 1213 2927 dilatum
1231 2850 1334 2925 soille

373 2956 549 3025 'udiclun
1366 2986 1369 2991 ·

216 3138 218 3142 ¹
273 3058 317 3128 61
346 2975 556 3124 Plrosecutio
568 3051 858 3141 Donatistarum,
884 3053 945 3124 ubi
963 3073 1065 3147 agere
1083 3050 1177 3123 velle
1195 3047 1333 3142 dicunt,

374 3150 395 3223 ss
411 3165 625 3242 exceptores
642 3153 775 3222 babent
792 3149 886 3246 gesta
903 3168 1022 3242 parata
1042 3171 1111 3242 prae
1131 3150 1306 3225 manibus.
1338 3171 1348 3192 ·

273 3256 320 3325 62
345 3249 420 3324 Ubi
442 3249 639 3322 Donatista
655 3255 872 3340 promittunt
891 3246 925 3322 se
945 3249 1047 3345 gellis
1063 3245 1333 3343 subscripturos.

273 3355 318 3443 63
346 3352 403 3424 De
421 3350 592 3452 dilatione
609 3350 863 3440 exceptoribus
885 3350 975 3423 data.

273 3450 321 3539 64
346 3449 544 3543 Responsio
561 3463 795 3540 exceptorum
818 3449 861 3520 de
880 3449 981 3543 gestis
1002 3447 1160 3522 edendis.

272 3554 317 3638 65
346 3548 586 3623 lnterlocutio
606 3549 650 3619 de
668 3545 726 3619 die
744 3550 779 3621 in
799 3550 892 3623 diern
914 3549 1095 3646 signando.

274 3654 321 3720 66
348 3648 541 3740 Responsio
561 3647 605 3719 dc
626 3647 691 3718 hac
709 3666 779 3722 re.·

272 3753 317 3838 67
346 3747 555 3822 Prosecutio
573 3745 859 3824 Donatistarum,
886 3764 954 3838 qut
972 3741 1188 3841 postulatur,
1207 3750 1332 3814 certos

297 3900 299 3906 .
372 3849 414 3917 ad
424 3843 647 3937 judiciumle
664 3844 733 3918 else
749 3863 937 3920 venturos,
1370 3928 1373 3933 ,

270 3946 318 4025 68
346 3948 519 4033 lndicatio
536 3947 750 4041 cognitoris,
766 3964 834 4037 qua
849 3946 956 4018 futuri
976 3936 1145 4016 examinis
1160 3937 1233 4009 dies
1251 3954 1332 4031 per·
1375 3934 1377 3941 '

370 4056 475 4141 cepta
491 4046 673 4144 gestorum
688 4047 850 4121 editione
867 4042 1044 4119 definitur.
1130 4139 1154 4209 ὃ
1196 4132 1223 4206 ἲ

1156 4156 1180 4229 rs
1228 4154 1290 4205 ro-
