3200 4784
505 403 657 491 mv

684 554 957 654 Etiam
1004 548 1643 640 Deffavienfium
1695 554 2126 666 Princeps,
2179 612 2286 636 ...-
2329 577 2430 642 ut
2481 581 2711 670 quo·

521 668 843 784 digreffi
876 667 1203 770 sumus,
1247 667 1684 754 redeamus
1717 731 1820 750 .-
1868 670 2160 756 eodem
2197 697 2372 783 quo
2408 669 2672 784 sepul-

521 784 830 871 chrum
877 781 1022 867 fibi
1074 783 1366 872 struxit
1412 781 1641 883 locu,
1715 777 2042 876 inferias
2093 783 2233 870 fibi
2285 786 2467 896 post
2508 781 2670 876 fata

521 897 997 1008 fierijuffit,
1055 897 1395 1011 jamque
1444 900 1930 1008 pecuniam,
1991 927 2156 1020 qua
2193 898 2510 992 sumtus
2547 897 2664 986 su-

520 1013 1061 1119 stinerentur,
1120 1016 1203 1102 in
1254 1007 1531 1105 foenus
1588 1011 1978 1105 elocavit.'
2077 1014 2268 1104 ,Scis
2317 1013 2664 1130 quales?

520 1127 889 1218 Festivos
934 1125 1179 1218 ludos
1226 1155 1271 1214 a
1321 1124 1643 1239 populo
1691 1125 1908 1216 illius
1957 1131 2448 1242 provinciae,
2527 1132 2674 1218 cui

527 1243 643 1340 est
691 1239 933 1332 suum
972 1239 1497 1351 sepulchrum
1547 1241 1994 1348 inclusum,
2053 1245 2356 1364 quovis
2390 1239 2676 1336 obitus

525 1354 645 1448 sui
680 1353 1221 1448 anniversario
1258 1353 1385 1444 die
1424 1383 1467 1447 a
1530 1354 1817 1446 endos.
2583 1455 2588 1460 ,

694 1471 955 1563 Hunc
1012 1472 1095 1561 in
1155 1468 1405 1562 finem
1502 1467 2006 1580 epulchrum
2061 1468 2676 1582 amphitheatro

530 1581 638 1676 de
672 1582 971 1700 cespite
1004 1581 1290 1685 viridi,
1358 1586 1441 1666 in
1489 1582 1752 1675 sedilia
1788 1582 2378 1694 speclatoribus
2415 1583 2678 1700 dispo-

532 1697 727 1800 fito‚
780 1694 1149 1789 medium
1188 1695 1539 1804 inclusit,
1614 1698 1848 1810 quod
1883 1699 2146 1792 multa
2180 1702 2496 1788 circum
2535 1725 2684 1811 po·

533 1811 791 2018 galus
822 1871 925 1894 .—
956 1835 1245 1924 aptum
1280 1809 1472 1902 loco
1508 1811 1902 1907 arborum
1939 1841 2205 1926 genus
2239 1815 2354 1904 est
2385 1875 2490 1898 ..2-
2512 1841 2682 1902 am·

602 1930 688 2020 it.
781 1925 1527 2042 Amphitheatrum
1553 1929 1640 2018 in
1667 1929 2050 2042 regiones
2090 1931 2204 2021 est
2235 1925 2682 2038 diffluum,

537 2063 757 2162 quot
799 2041 931 2134 illa
971 2043 1393 2149 provincia
1424 2040 1676 2132 habet
1709 2041 2036 2158 oppida,
2179 2045 2518 2155 Qaevis
2558 2069 2683 2126 re-

605 2159 687 2244 io
716 2154 999 2268 oppidi
1024 2158 1157 2245 cui
1186 2157 1299 2248 est
1324 2154 1734 2264 destinata,
1769 2155 1998 2272 signo
2029 2180 2386 2250 notatur.
2437 2153 2688 2248 Actis

538 2183 759 2364 Fudis
812 2268 1087 2363 coloni
1147 2268 1284 2354 sua
1340 2267 1692 2383 quilibet
1753 2273 1836 2354 in
1895 2274 2234 2382 regione
2294 2296 2690 2390 procum.

542 2383 1092 2594 Eu‘nt’d’lauto
1128 2409 1285 2504 pro
1319 2387 1864 2477 convivarum
1897 2385 2197 2494 modo,
2258 2383 2515 2507 epulo
2563 2411 2686 2478 te·
2749 2393 2764 2410 '

608 2527 789 2590 cien
851 2529 903 2594 ι,
1849 2572 1858 2581 .

722 2613 1003 2722 Quem
1060 2609 1564 2726 qualemque
1629 2609 1778 2703 tibi
1835 2614 2142 2725 cogitas
2193 2609 2694 2727 Principem,

546 2729 846 2823 Amice
886 2729 1226 2839 optime,
1266 2725 1418 2815 tale
1450 2725 1594 2811 fibi
1631 2730 1840 2815 iuter·
1871 2725 2079 2827 sum,
2119 2730 2195 2815 in
2235 2725 2507 2819 medi-e
2547 2751 2691 2835 pn*
