3200 4784
378 399 467 495 'io'r
493 413 903 493 D'ouurrsrnn‘ou
926 409 1189 494 Hirronrn.
1263 434 1340 527 5²2·

344 587 426 673 158.
454 579 669 654 Marcellinus
681 580 739 649 uir
751 571 937 667 clarrfflmus
954 568 1169 652 Tribunus&
1176 581 1340 652 librarius

262 684 375 757 dixit.-
401 679 491 756 Hoc
504 675 755 754 uniuersorum
767 675 1087 770 subscriptionibus
1107 678 1249 752 constat
1258 679 1340 756 else
1378 761 1384 783 .‚

263 782 446 862 mandata.

346 901 427 976 159.
458 880 624 952 Emerirm
639 873 805 972 Episcopus
823 876 928 945 dixit.-
961 876 1143 974 Quoniam
1162 879 1235 953 duo
1257 879 1340 954 sunt

263 984 438 1078 negotia,
458 979 533 1052 duo
550 977 684 1059 debent
698 974 768 1049 else
783 977 960 1049 mandata.
994 974 1222 1068 Mandatum,
1239 981 1342 1073 quod

265 1087 305 1159 in
331 1081 484 1177 negotio
512 1074 673 1171 praesenti
700 1075 921 1164 recitatum,
958 1072 1041 1148 adbis
1069 1075 1239 1153 insertum
1264 1079 1338 1170 est3

265 1183 476 1261 mandatum
494 1196 601 1268 vero,
617 1175 716 1264 quod
731 1175 858 1270 legatis
876 1174 1020 1247 videtur
1036 1179 1220 1271 traditum,
1236 1181 1341 1253 nullo

266 1280 382 1357 modo
400 1280 589 1351 recitatum
606 1274 667 1349 est.
695 1273 880 1346 Debemus
895 1291 982 1369 ergo
1001 1276 1205 1370 advertere,
1218 1293 1342 1356 utrum

269 1383 307 1454 dc
324 1382 397 1452 hoc
413 1392 519 1469 eote,
545 1389 587 1447 ut
606 1374 851 1467 imperialibus
870 1375 1014 1447 auribus
1040 1376 1267 1470 deferretur,
1295 1381 1341 1453 ab

269 1480 396 1554 iisdem
419 1477 564 1550 videtur
590 1472 661 1546 elle
684 1470 951 1564 conscriptum,
985 1488 1048 1568 ut,
1080 1498 1162 1554 curo
1187 1493 1346 1568 utraque·

269 1579 438 1655 mandata
466 1578 505 1649 in
538 1574 674 1667 jndicio
705 1573 841 1645 fuerint
868 1574 1043 1667 recitata,
1084 1592 1206 1652 utrum
1233 1598 1343 1654 unani

268 1676 462 1754 habuerint
472 1676 715 1765 voluntatem,
729 1672 890 1764 judicare
904 1671 1068 1767 digneris.
1097 1679 1149 1751 Er
1162 1680 1225 1749 alia
1235 1703 1343 1754 manu.

269 1777 454 1852 Emeritos
487 1769 688 1868 Episcopus
719 1771 820 1846 salvo
853 1769 985 1845 effectu
1011 1778 1260 1872 appellationis
1285 1800 1344 1854 rc·

272 1896 637 2071 ἑοβῗὲἕῖᾊκμβὶηω
648 1969 813 2067 Episcopus
824 1956 959 2066 Ecclefiae
970 1960 1248 2048 Catholicaediicitc
1263 1924 1344 2072 pam

271 2075 387 2149 toties
404 2070 723 2146 conclamavimus.
767 2071 1002 2165 Mandatum,
1029 2060 1127 2166 quod
1145 2077 1346 2168 injuncium

271 2173 326 2251 est
351 2175 476 2270 legatis
499 2169 783 2265 Episcoporum,
817 2173 860 2243 ab
884 2169 1070 2267 Episcopis
1092 2174 1254 2273 flagitant
1279 2178 1344 2251 libi

273 2274 431 2350 recitari.
469 2270 555 2346 Hoc
570 2269 622 2344 est
636 2273 750 2344 alienu
766 2271 950 2363 requirere
966 2274 1009 2346 ad
1024 2275 1160 2349 causam
1174 2297 1248 2349 non
1265 2294 1352 2369 perc

274 2374 441 2449 tinentia.
492 2371 729 2463 Mandatum,
758 2372 856 2461 quod
878 2374 983 2445 nobis
1003 2382 1155 2467 propter
1179 2378 1345 2448 collatio·

274 2494 359 2551 nem
384 2492 465 2546 curn
490 2472 544 2544 his
570 2469 773 2543 faciendum
797 2469 992 2562 injundium
1013 2472 1088 2563 est,
1120 2473 1194 2546 hoc
1216 2464 1345 2548 recita·

274 2590 354 2649 tum
375 2571 447 2665 est,
473 2571 548 2644 hoc
568 2570 619 2642 eis
638 2566 795 2644 sufficiat
850 2572 948 2669 Quid
969 2569 1105 2645 sienim
1122 2574 1237 2664 aliqua
1251 2576 1347 2671 lega·

273 2675 323 2747 tis
349 2670 515 2746 mandata
543 2666 692 2743 suntad
718 2669 854 2749 causam
877 2669 1018 2760 quidem
1039 2669 1138 2744 iiiam
1161 2692 1239 2745 non
1266 2693 1348 2768 per·

276 2772 452 2860 tinentia,
470 2765 530 2841 sed
545 2787 622 2858 que
637 2763 732 2859 ipsos
749 2764 837 2840 scir'e
855 2769 1047 2845 nolumus?
1074 2768 1219 2862 sufficit,
1246 2772 1347 2864 quod

274 2872 478 2961 Imperator
510 2867 746 2940 collationem
779 2888 849 2941 nos
881 2868 1007 2961 petisse
1039 2869 1107 2944 suo
1134 2871 1346 2946 testimonio

276 2968 487 3044 declaravit.
548 2964 636 3040 Haec
668 2966 834 3041 concessa
867 2968 942 3060 est,
979 2969 1021 3040 ad
1047 2971 1139 3042 hanc
1166 2973 1348 3066 venimus,

276 3071 357 3145 haec
378 3064 570 3158 aliquando
592 3080 739 3162 agatur,
774 3068 920 3139 veritati
947 3087 1049 3142 aures
1075 3070 1261 3146 hominum
1288 3092 1363 3167 pa·-

276 3179 371 3244 tent.
410 3167 459 3239 Er
478 3168 545 3237 alia
563 3191 669 3237 manu.
705 3164 942 3263 Recognoul.

360 3270 440 3342 161.
464 3267 643 3338 Adeodatus
661 3266 826 3361 Episcopus
840 3271 946 3338 dixit.-
973 3263 1164 3342 Confessus
1182 3292 1243 3362 es,
1269 3287 1349 3361 quae

279 3367 368 3440 olim
383 3365 534 3439 tacuisti.
586 3363 778 3461 Ostendisti
795 3378 834 3438 te
850 3369 961 3439 multa
982 3367 1148 3442 adversus
1167 3391 1237 3442 nos
1252 3391 1355 3443 maru·

280 3464 403 3556 dalle,
444 3485 523 3555 quae
546 3463 636 3538 scire
659 3472 745 3539 non*
761 3462 868 3538 facile
892 3465 1096 3543 debeamus.
1153 3465 1263 3540 Unde
1288 3466 1350 3541 ad·

278 3566 396 3640 uertit
410 3560 603 3637 sublimitas
627 3577 712 3655 tua,
740 3565 824 3655 quid
847 3585 892 3639 ex
915 3566 991 3658 ejus
1014 3564 1270 3658 prosecutione
1289 3570 1350 3642 do·

279 3669 427 3742 beamus
451 3663 669 3755 advertere,
703 3665 787 3753 quid
811 3664 898 3738 illud
928 3666 1131 3739 mandatum
1158 3669 1350 3760 continet,

281 3765 383 3856 quod
411 3777 542 3837 contra
566 3781 635 3834 nos
661 3766 866 3837 mandatum
894 3762 982 3836 scire
1007 3785 1083 3838 non
1108 3762 1215 3839 facile
1244 3768 1353 3841 debe·

281 3884 393 3937 amus.
441 3866 489 3936 Er
502 3865 567 3932 alia
580 3886 686 3936 manu.
732 3860 946 3938 Adeodatus
964 3860 1162 3957 Episcopus
1185 3868 1353 3960 prosectu·¹

280 3967 422 4040 tionem
436 3983 553 4040 mecm
569 3959 665 4038 salua
677 3964 920 4057 appellatione
934 3964 1150 4062 recognovi.

1138 4163 1233 4232 ibn.
1252 4162 1325 4228 Ao·
1362 4106 1371 4119 Ι
