3200 4784
408 385 469 446 nc
494 334 905 443 Donaarsrnuou
928 362 1191 447 Hunorum.
1257 388 1333 463 415

259 527 432 609 mandavi
458 528 491 602 &
516 526 697 621 subscripsi
723 525 939 625 Carthagini.
991 532 1069 623 Quo
1094 535 1227 603 reclino
1252 535 1333 605 ilem

259 636 370 706 dixis.-
395 629 527 703 Habeo
545 630 725 702 neminem
742 650 763 702 e
780 624 937 703 diverso.
975 633 1227 705 Valentinianus
1246 638 1333 704 Dia·

212 802 216 815 ,
258 756 358 804 conus
381 731 487 800 lixit.-
524 729 763 801 Maximianus
791 725 902 801 didus
931 726 1006 819 est,
1038 730 1150 806 hodie
1179 733 1223 805 de
1249 752 1330 805 cor·

256 852 355 927 pore
371 830 469 903 exiit.
494 829 700 899 AEmilianus
715 826 879 923 Episcopus
893 829 1028 925 Ecclefia
1046 833 1214 903 Cuilnlica
1226 832 1330 906 dixis:

257 930 478 1004 Triennium
501 926 621 1001 habeo
647 927 802 1019 exilio,
830 938 903 1019 qno
927 929 1120 1003 ordinatus·
1131 926 1227 1022 sum,
1253 934 1332 1006 nul·

256 1034 335 1105 lum
352 1031 425 1102 illic
441 1024 530 1103 scio.
564 1029 823 1101 Valentinianus
839 1031 1002 1097 Diaconus
1017 1032 1116 1100 dixis:
1143 1030 1331 1126 Mittitur,

258 1131 296 1203 or
313 1128 463 1203 videant
477 1127 588 1203 illum.
615 1129 665 1199 Es
679 1131 850 1199 recitauit.-
868 1124 1030 1201 Litorius
1041 1125 1240 1222 Episcopus
1255 1133 1330 1223 ple·

256 1232 316 1305 bis
331 1226 520 1303 Suavensrs
539 1246 661 1301 coram
674 1227 757 1300 vito
774 1224 959 1301 clarissimo
974 1226 1143 1302 Tribuno
1159 1229 1193 1301 ἃ
1207 1227 1330 1303 Nota-

213 1318 221 1331 '
258 1330 318 1402 rio
332 1327 551 1401 Marcellino
570 1324 800 1421 suprascripta
815 1325 983 1401 mandavi
998 1325 1227 1421 &subscrips
1242 1327 1330 1413 Car.

259 1429 408 1523 thagini.
433 1429 506 1519 Quo
519 1432 649 1498 recitato
663 1428 743 1497 ilum
759 1427 865 1497 lixis.-
882 1425 1013 1499 Unitas
1030 1425 1189 1519 estillic,
1207 1428 1328 1503 omnis

258 1526 452 1601 Catholica
469 1524 531 1598 est.
573 1528 755 1597 Holerlc'us
769 1530 937 1597 Diaconus
948 1531 1056 1622 porris
1073 1530 1203 1599 Donati
1218 1529 1327 1599 lixit:

256 1627 352 1703 Non
378 1627 562 1711 habemus.
615 1627 661 1697 Er
686 1630 861 1699 suissuis.-
893 1624 1098 1699 Benenatus
1123 1622 1327 1720 Episcopus

256 1728 374 1820 plebis
394 1722 615 1816 Hospitensrs
637 1744 760 1799 coram
784 1727 871 1797 viro
887 1725 1078 1821 uclariiiimo
1100 1724 1269 1805 Tribuno
1290 1726 1328 1800 dc

256 1825 645 1899 NotarioMarcellino
663 1822 894 1918 suprascripta
909 1825 1076 1917 mandavi
1094 1824 1128 1899 dc
1145 1824 1327 1919 subscripsi

256 1923 477 2020 Carthagini.
530 1928 604 2018 Qus
617 1930 746 1997 ruituro
761 1928 840 1995 ilem
854 1926 961 1993 lixis.-
981 1923 1022 1999 In
1034 1926 1122 1999 loco
1136 1946 1220 1999 meo
1235 1928 1325 2000 alius

255 2045 336 2101 uon
352 2022 404 2098 est
419 2020 631 2117 Episcopus.
684 2028 835 2099 Luculus
849 2024 1012 2120 Episcopus
1023 2025 1131 2097 lixit:
1156 2022 1326 2098 Persecu-

256 2127 313 2196 tio
334 2123 547 2216 semper-me
569 2125 721 2219 fugavit.
772 2124 823 2199 Et
838 2129 1013 2199 recisooisi
1038 2124 1219 2199 Leontius
1241 2123 1327 2217 Epi,

256 2223 387 2316 scopus
408 2225 523 2315 plebis
540 2222 769 2299 Museritanae
794 2245 916 2298 coram
937 2227 1020 2299 viro
1046 2224 1228 2298 clariffimo
1243 2222 1326 2296 Tri·

254 2325 358 2397 buno
382 2322 417 2397 u
436 2323 596 2398 Notario
615 2326 832 2399 Marcellino
856 2323 1089 2418 suprascripta
1106 2323 1273 2396 mandavi
1290 2322 1327 2395 ἃ

256 2420 438 2514 subscripsi
452 2420 669 2518 Carthagini.
718 2429 792 2516 Quo
808 2430 941 2495 recitato
961 2425 1040 2491 ileu
1059 2426 1164 2493 lixis:
1191 2421 1325 2493 Habea

254 2525 437 2597 neminem
457 2523 653 2597 ediverso,
694 2526 873 2593 Halesleus
892 2525 1058 2591 Diaconos
1074 2525 1179 2615 pariis
1196 2524 1326 2591 Donati

253 2626 362 2699 dixit:
388 2620 603 2693 Cresconius
622 2639 719 2692 nunc
741 2621 929 2692 ordinatus
954 2618 1005 2692 est
1027 2632 1167 2693 contra.
1215 2622 1262 2691 Es
1277 2644 1326 2705 rs-

254 2725 395 2790 citavit.-
414 2718 579 2789 Silvanus
591 2715 790 2812 Episcopus
805 2718 921 2812 plebis
932 2717 1185 2791 Macrianensrs
1199 2739 1325 2801 coram

254 2821 341 2888 viro
369 2816 553 2891 clarissimo
579 2815 748 2891 Tribuno
773 2818 806 2889 ἃ
835 2816 996 2892 Notario
1018 2817 1238 2891 Marcellino
1271 2818 1326 2891 su·

200 2990 202 2997 ⁴
254 2917 450 3013 prascripta
466 2915 633 2989 mandavi
652 2914 920 3011 &suprascripsi
939 2916 1156 3011 Carthagini.
1182 2922 1258 3011 Quo
1275 2942 1325 2989 re·

251 3025 351 3093 cison
368 3018 447 3087 ilem
464 3018 570 3085 lixis:
596 3013 686 3088 Non
699 3020 878 3093 neminem
898 3019 1028 3109 habet,
1051 3016 1241 3098 catholica
1257 3016 1323 3094 est.

254 3116 485 3194 Etrecisavs‘s:
509 3112 709 3189 Eunomius
720 3114 919 3210 Episcopus
931 3119 1046 3209 plebis
1058 3117 1322 3191 Marazanensro

254 3236 379 3289 coram
397 3217 481 3288 viro
501 3213 864 3305 clarilfimoTribuno
882 3216 915 3289 sc
931 3216 1091 3289 Notario
1100 3213 1321 3290 Marcellino

250 3312 484 3408 suprascripta
500 3317 666 3390 mandavi
683 3314 909 3409 &subscripsi
925 3315 1141 3413 Carthagini.
1185 3318 1259 3407 Quo
1274 3340 1323 3385 ru·

251 3423 353 3489 cicaro
370 3417 449 3487 ilum
464 3418 568 3486 lixis:
595 3412 627 3487 E
648 3414 791 3489 divorso
809 3414 860 3487 est
877 3417 961 3489 mihi
978 3414 1201 3489 Habetdeus.
1252 3418 1323 3484 Ho-

250 3519 378 3587 besleus
392 3515 561 3610 Episcopus
574 3517 677 3586 lisn's:
702 3512 895 3587 Praecelior
912 3535 1013 3588 meus
1028 3514 1071 3587 ad
1086 3514 1322 3586 Marazanen·

250 3613 322 3692 sem
345 3617 470 3688 locum
492 3615 677 3686 ordinatus
696 3613 769 3702 est3
794 3613 824 3685 is
842 3612 1028 3707 postquam
1048 3610 1251 3684 cathedram
1272 3612 1323 3685 sc·

250 3716 326 3809 dit,
352 3713 518 3806 expulsus
537 3712 598 3788 est.
653 3709 829 3785 numnius
855 3713 1023 3808 Episcopus
1046 3710 1186 3804 Eccluſsae
1203 3713 1322 3783 cosno-

251 3817 318 3886 ls'cae
334 3817 438 3886 lixis:
463 3813 657 3903 Nunquam
673 3812 772 3887 sedit.
829 3813 1011 3883 Hubessleus
1028 3812 1195 3906 Episcopus
1209 3813 1318 3887 dixit:

249 3911 332 4009 Ego
359 3918 466 3987 etiam
493 3932 571 3985 non
600 3909 763 3985 admissus
787 3909 826 3985 in
847 3912 960 3983 tertio
976 3912 1141 3987 miliario
1169 3908 1320 3984 incisi·

246 4025 325 4089 tate
355 4012 564 4106 conquievi.
629 4013 812 4107 Eunomus
841 4011 1007 4107 Episcopus
1036 4011 1171 4106 linlsssu
1200 4012 1319 4097 caslsug

1206 4111 1283 4173 iarn

640 4434 679 4448 a„
898 4418 1077 4448 afflui.
1221 4408 1224 4413 “
