3200 4784
570 421 719 500 Lrnrtrt
751 440 971 499 renatus.
1253 441 1303 525 47

311 609 349 665 2.
378 579 430 658 Et
445 596 565 659 tamen
584 586 714 659 horum
736 584 897 656 omnium
917 582 1005 655 nihil
1025 569 1138 661 astum
1155 585 1207 663 est
1222 608 1307 667 cum

239 705 333 764 voto
350 686 498 761 nostro:
526 687 613 757 nihil
628 705 707 757 cum
723 684 963 773 conscientia,
980 683 1069 755 nilrll
1083 705 1163 760 cum
1179 708 1306 782 opere.

238 790 304 864 Sed
332 784 433 881 gesta
454 783 535 857 sunt
557 786 677 856 omnia
700 786 737 856 in
761 784 892 855 dolore
910 780 1003 875 Dei,
1031 802 1145 857 amare
1164 790 1308 880 ploran-

236 892 299 976 tia,
330 888 367 958 ἃ
395 887 433 956 in
458 885 632 954 ultionem
655 902 776 973 aquae,
805 902 909 972 quam
932 896 1062 955 contra
1082 884 1310 965 interatum

237 990 370 1062 iterum
390 982 571 1056 movistis:
600 984 828 1054 traducentes
850 981 892 1053 ad
915 1002 984 1053 vos
1010 1001 1133 1075 aquam
1157 993 1310 1079 antiquae

236 1086 404 1181 piscinae:
438 1080 497 1153 sed
520 1080 641 1153 nescio
665 1102 709 1153 an
727 1101 807 1153 cum
833 1081 897 1153 illo
917 1081 1032 1171 pisce,
1066 1084 1125 1175 qul
1149 1082 1310 1165 Christus

235 1185 473 1279 intelligitur:
500 1181 613 1271 quiin
632 1178 787 1252 lectione
803 1178 1014 1254 Patriarchae
1029 1177 1160 1255 Tobiae
1179 1186 1309 1281 legitur

235 1291 270 1359 in
290 1283 452 1379 Tigride
472 1280 619 1353 flumine
635 1277 850 1371 prehensus,
878 1280 977 1371 cujus
993 1280 1040 1353 fel
1059 1280 1092 1353 &
1107 1282 1210 1372 jecur
1226 1287 1311 1360 tulit

237 1384 405 1473 Tobiae,
435 1380 478 1452 ad
495 1382 643 1453 tutelam
661 1378 813 1452 foemlnae
829 1378 945 1470 Sarte,
972 1380 1062 1453 &ad
1080 1382 1314 1458 illuminatio·

237 1505 320 1559 uem
339 1478 478 1553 Tobiae
500 1499 578 1551 non
598 1478 774 1551 videntis:
811 1477 971 1571 ejusdem
990 1477 1093 1573 pilcis
1117 1482 1313 1559 visceribus

241 1581 452 1657 Asmodeus
467 1579 607 1651 doemon
625 1578 739 1649 aSara
755 1580 871 1671 puella
882 1576 1023 1674 fugatus
1037 1579 1088 1653 est
1100 1584 1194 1675 (quae
1208 1584 1314 1657 intel-

242 1685 366 1779 ligitur
378 1676 558 1775 Ecclesra)
576 1678 609 1750 ἃ
626 1678 766 1749 cacitas
779 1700 796 1748 a
807 1675 929 1749 Tobia
942 1679 1082 1752 exclusa
1092 1680 1153 1754 est.
1179 1683 1250 1756 Hic
1261 1680 1314 1757 est

242 1782 370 1876 piscis,
390 1780 450 1867 qui
470 1778 506 1848 in
521 1774 728 1871 baptismate
743 1797 808 1869 per
822 1778 1097 1853 invocationem
1114 1781 1314 1857 fontalibus

243 1881 349 1953 undis
368 1874 556 1966 inseritur,
576 1892 616 1947 ut
631 1898 708 1966 quae
723 1896 814 1965 aqua
829 1874 966 1969 fuerat,
983 1899 1002 1949 a
1016 1876 1110 1970 pilce
1125 1883 1229 1955 etiam
1244 1886 1316 1976 pia·

250 1982 332 2052 cina
345 1977 544 2049 vocitetur.
596 1972 706 2067 Cujus
720 1974 823 2067 piscis
837 1990 970 2049 nomen
984 1975 1176 2053 secundnm
1195 1983 1316 2076 appel-

246 2080 422 2153 lationem
442 2096 609 2171 graecam,
637 2077 674 2147 in
690 2094 766 2145 uno
786 2076 934 2159 nomine
949 2098 1013 2172 per
1029 2076 1179 2174 srngulas
1194 2084 1316 2155 literae

249 2180 391 2251 turbam
418 2172 616 2246 sanclorum
637 2176 825 2248 nominum
850 2179 1044 2267 continet,
1078 2177 1194 2267 ἰχθυς
1216 2180 1317 2273 quod

249 2276 296 2351 est
324 2275 487 2360 Latine,
524 2273 655 2367 Jnsus
682 2270 885 2347 Crrnrsus
912 2274 1002 2347 Dor
1034 2296 1188 2353 erutus
1214 2280 1318 2355 Sat·

249 2396 423 2452 varon.
474 2371 578 2444 Hanc
599 2394 669 2445 vos
690 2372 880 2466 piscinam,
914 2396 991 2465 quae
1008 2375 1045 2448 in
1065 2380 1163 2451 omni
1184 2378 1319 2451 Catho-

248 2476 315 2551 llca
328 2494 398 2568 per
413 2486 531 2543 totum
546 2474 672 2547 orbem
689 2486 884 2565 terrarum,
912 2473 955 2547 ad
969 2476 1080 2549 vitam
1095 2481 1237 2571 generis
1252 2480 1317 2551 hu-

200 2637 204 2682 Ι
251 2578 372 2664 mani,
398 2570 604 2647 salutaribus
624 2572 728 2643 undis
748 2576 941 2646 exuberat:
968 2573 1170 2647 traduxistis
1192 2578 1234 2648 ad
1251 2598 1321 2649 vo·

200 2719 203 2726 ·
251 2678 432 2751 luntatem
448 2669 623 2751 vestram,
649 2672 680 2739 ll
697 2668 848 2743 solvistis
866 2672 1037 2765 srngulare
1051 2672 1248 2772 Baptisma,
1274 2698 1321 2751 cx

200 2749 204 2880 l
252 2795 323 2867 quo
342 2768 558 2861 Baptismate
572 2770 777 2842 hominibus
796 2772 886 2843 muri
903 2768 983 2843 fatti
999 2771 1135 2847 suntad
1152 2778 1320 2849 tutelam:

200 2903 203 2962 ς
253 2870 440 2947 &fecistis
458 2870 550 2959 qual
572 2872 706 2942 alteros
726 2888 870 2960 muros,
896 2873 1031 2943 nullum
1055 2872 1191 2949 bonum
1214 2872 1322 2947 aedifi·

199 2963 203 3070 ξ
253 2976 348 3047 cium
366 2968 563 3041 facientes:
590 2990 664 3042 non
686 2967 848 3061 potuistis
870 2970 1100 3060 construere,
1126 2976 1185 3047 nist
1206 2977 1323 3049 dirue·
1376 2965 1387 2991 '

199 3079 203 3184 j
252 3074 353 3151 tetis.
406 3064 456 3139 Et
472 3069 575 3158 quale
591 3067 711 3160 potest
725 3066 793 3141 elle
810 3066 1017 3157 edificium,
1046 3074 1145 3161 quod
1162 3072 1206 3147 dc
1219 3079 1323 3149 ruina

255 3166 504 3245 construitur?
531 3168 635 3241 Hanc
652 3188 726 3241 rem
747 3188 811 3257 per
829 3168 964 3243 Esaiam
984 3170 1202 3262 Prophetam
1220 3174 1321 3248 Deus

255 3272 359 3346 dolet
374 3268 408 3339 ἃ
423 3266 508 3359 flet,
535 3288 615 3339 curn
632 3268 718 3339 dicit
743 3265 848 3341 filiam
872 3266 921 3340 sui
940 3272 1080 3365 generis
1101 3268 1170 3344 elle
1186 3278 1325 3344 contri·

199 3375 202 3388 ‘
256 3383 348 3443 tam:
383 3387 495 3462 genus
520 3365 588 3438 Dei
608 3365 677 3457 est,
714 3388 793 3439 non
813 3369 945 3440 habere
968 3390 1102 3464 genus,
1137 3374 1196 3461 qui
1221 3391 1264 3443 ex
1287 3369 1325 3449 se

258 3468 329 3559 est,
349 3468 384 3539 ἃ
402 3479 524 3538 manet
538 3466 576 3538 in
591 3481 773 3541 aeternum.
822 3467 950 3539 Similis
965 3468 1016 3540 est
1029 3467 1064 3538 ἁ
1079 3490 1190 3560 aqua,
1210 3475 1325 3562 ‚quatit

256 3573 334 3642 'non
354 3567 503 3661 legimus
522 3562 659 3641 factam.
717 3565 757 3637 ln
777 3566 878 3657 cujus
899 3584 997 3654 aque
1013 3566 1163 3660 iniuria,
1189 3568 1324 3641 indicat

257 3665 360 3743 Deus
382 3667 555 3756 lacrymat
580 3662 655 3735 suas
682 3684 767 3756 quas
791 3683 862 3735 vos
883 3661 1032 3738 fecistis:
1059 3684 1145 3756 quas
1173 3666 1325 3739 testatur

259 3769 357 3841 nulla
382 3760 484 3860 polle
514 3759 763 3836 consolatione
791 3764 943 3853 srccari,
982 3784 1063 3835 curn
1096 3766 1234 3838 advos
1261 3786 1326 3859 per

260 3863 381 3939 lsaiam
399 3865 611 3955 prophetam
627 3863 806 3951 loquitur:
833 3862 973 3934 dicens:
999 3859 1136 3951 Miffitm
1154 3890 1201 3935 me
1210 3864 1325 3956 facire,

263 3965 519 4060 amoreplorabo:
538 3965 638 4034 Nemo
648 3966 764 4051 poterit
775 3964 924 4049 consiliari
940 3987 986 4031 me
1000 3966 1239 4034 incantatione
1251 3966 1327 4048 filia

258 4068 381 4159 generis
396 4067 465 4138 mel.
518 4060 604 4137 Hoc
619 4062 709 4139 loco
727 4056 931 4147 delenditul
953 4062 1163 4143 innocentia
1187 4060 1329 4236 ngstri,

1229 4181 1300 4237 nm
