3200 4784
304 472 377 562 478
439 530 443 543 .
567 448 882 536 mueronem
905 402 1106 539 Vononi

305 626 351 701 ab
368 634 521 716 utruque
536 632 640 715 parte
652 617 912 714 impreffionem
926 616 1104 720 fignorum
1118 624 1282 722 agnitam
1296 642 1371 705 tou·

304 722 394 816 stat,
420 722 485 815 e'a,
513 742 590 815 quae
609 716 784 814 piaecepi,
811 718 1009 795 uNotcriis
1025 725 1248 820 relegantur.

379 840 441 913 54.
471 823 649 894 Petilianis
667 821 834 917 Episcopur
849 822 952 896 dixit:
977 817 1037 895 sie
1052 815 1171 897 solent
1191 824 1376 904 testimen-

305 933 364 1016 ta,
389 939 466 996 non
482 918 577 1018 gesta
596 912 753 996 reserari.
794 918 924 993 Erotio
942 943 1052 993 manu.
1088 917 1144 996 Ut
1160 918 1283 1021 supra.

381 1039 440 1113 55.
467 1019 683 1091 Marcellinus
698 1026 754 1090 vir
768 1018 961 1112 clariffimrrr
981 1010 1142 1094 Tribunus
1160 1018 1202 1100 <5
1223 1027 1377 1100 Miarr‘ii

304 1119 412 1197 dixit.-
441 1119 554 1216 Quod
578 1132 730 1213 propter
753 1113 1031 1195 sollicitudinem
1054 1117 1165 1216 partio
1187 1127 1377 1220 utriusque

303 1221 435 1301 fanum
459 1218 511 1294 est
534 1218 567 1291 δι
591 1234 637 1292 ex
661 1217 844 1295 communi
864 1213 1059 1312 consensu,
1094 1238 1174 1295 non
1197 1224 1314 1300 decet
1331 1244 1376 1300 re·

302 1316 493 1418 prehendi.
546 1318 725 1391 Pontianus
748 1317 911 1415 Episcopus
933 1320 1042 1391 dixit.-
1068 1318 1161 1394 Non
1182 1326 1377 1416 reprehen-

304 1420 355 1496 do
374 1416 574 1513 cautelam,
601 1416 659 1490 sed
681 1432 770 1509 peto
791 1417 985 1493 secundum
1005 1413 1315 1500 consuetudinem
1333 1441 1377 1499 re·

302 1540 404 1611 rum,
423 1534 464 1591 ut
481 1515 576 1611 gesta
593 1514 750 1611 legitime
767 1531 1017 1611 exponantur,
1034 1535 1075 1591 ut
1092 1520 1162 1616 legi
1182 1538 1231 1596 ac
1248 1541 1376 1618 pertrr·

303 1620 389 1705 nari
408 1616 547 1712 poffint.
600 1619 692 1711 Quae
717 1637 774 1688 res
800 1614 934 1713 urget?
961 1618 1044 1711 quid
1068 1611 1295 1699 festinaturi
1332 1624 1374 1697 Et

302 1723 495 1795 oliamanu.
537 1713 730 1789 Petilianus
748 1710 949 1808 Episcopus
963 1721 1182 1814 recognovi.

379 1824 438 1908 56.
457 1812 652 1910 Augustinus
662 1815 827 1912 Episcopus
841 1814 976 1912 Ecclcfia
987 1816 1151 1890 Corioirca
1161 1822 1279 1894 dixit:
1295 1816 1371 1895 Hoc

302 1915 419 1995 solum
440 1915 605 2008 constet,
632 1909 727 2006 ipsos
750 1934 826 1990 rem
848 1920 943 1990 velle
960 1913 1116 1992 differre.
1170 1913 1232 1992 Ut
1250 1940 1372 1995 conce·

302 2021 365 2095 dat
383 2015 574 2090 sublimitas
592 2030 677 2095 tua,
696 2014 850 2106 petimus
868 2027 916 2091 te.
965 2011 1170 2091 Humanum
1189 2015 1266 2108 est,
1294 2036 1369 2095 cou-

300 2116 451 2195 fiderare
469 2112 626 2205 volunt,
653 2112 830 2187 discutere
846 2117 1002 2207 volunt,
1027 2120 1231 2207 paratiores
1246 2119 1369 2193 volunt

300 2220 455 2307 venire,
480 2231 528 2285 ne
553 2214 723 2287 uolentes
750 2208 895 2287 differre
919 2217 1119 2307 prolixiora
1144 2214 1247 2312 gesta
1273 2221 1367 2292 facia·

300 2337 400 2408 mus,
427 2306 548 2408 &ipsa
562 2306 741 2409 gestorum
755 2310 943 2407 prolixitas
959 2314 1113 2406 majores
1129 2319 1244 2393 nobie
1258 2333 1366 2394 morat

299 2416 463 2491 incutiat.
501 2414 548 2484 Er
564 2413 628 2483 aiio
645 2436 754 2484 manu.
785 2410 1017 2509 Recognovi.

376 2534 435 2608 57.
463 2515 674 2584 Marceiirrus
690 2516 746 2582 vir
762 2505 942 2602 clorffmm
967 2510 1132 2586 Tribunus
1151 2511 1189 2591 6
1210 2517 1368 2591 liniamur

298 2615 407 2686 dixit:
434 2610 483 2685 Et
500 2628 540 2685 ut
552 2614 588 2685 in
604 2613 701 2684 hunc
714 2613 806 2685 diem
823 2614 985 2708 cognitio
1002 2609 1228 2708 differretur,
1248 2619 1366 2691 utrius·

300 2734 370 2806 que
388 2714 513 2805 partis,
532 2711 673 2784 constat
691 2708 790 2784 fuiffe
808 2711 1038 2800 consensum3
1060 2715 1158 2802 qood
1178 2717 1293 2789 video
1310 2720 1367 2789 ho·

298 2815 357 2886 die
381 2806 546 2904 prodeiie
572 2832 647 2882 non
676 2808 787 2903 poiie.
847 2808 1014 2902 Interim,
1050 2828 1090 2884 ut
1113 2819 1294 2907 precepi,
1328 2813 1365 2887 ab

296 2908 552 2985 Ecclesiastico
569 2909 757 3004 Notariis,
783 2904 827 2982 ad
849 2926 953 3001 quam
977 2924 1115 3004 partem
1133 2912 1248 2988 fuerit
1265 2914 1366 2989 dilata

298 3012 483 3105 cognitio,
510 3012 695 3085 recitetur.

375 3118 434 3200 58.
464 3111 643 3179 Petilianus
667 3106 832 3202 Episcopus
855 3106 959 3178 dixit:
996 3102 1265 3203 Sempronio,
1297 3109 1364 3186 hoc

296 3229 374 3286 non
394 3208 519 3280 nostro
538 3210 632 3280 vitio
654 3202 755 3297 fieri,
782 3202 840 3279 sed
861 3220 998 3279 tantum
1021 3210 1117 3298 quod
1137 3209 1288 3285 Notarii
1307 3232 1362 3284 oc·

297 3327 441 3385 currere
461 3328 536 3380 non
555 3320 755 3400 potuerunt
775 3308 833 3378 vei
852 3317 1080 3396 exceptores.
1109 3305 1158 3379 Er
1173 3315 1242 3382 alra
1256 3335 1361 3383 manu.

295 3406 491 3485 Petilianus
508 3401 704 3500 Episcopus
725 3410 939 3501 recognovi.

372 3517 432 3598 58.
461 3509 672 3579 Maroneus
690 3514 745 3575 vir
762 3502 944 3598 clorpfimur
965 3504 1128 3578 Tribunus
1144 3504 1184 3583 (ὅ
1202 3510 1362 3582 Notarius

294 3608 406 3681 uixit:
442 3604 581 3681 Recita.
630 3608 814 3701 Jonuorr'us
842 3609 1004 3679 Notarius
1035 3606 1172 3700 Eccieſsae
1197 3611 1363 3708 Sitifensis

289 3719 397 3806 partis
412 3710 536 3779 Donati
549 3729 587 3777 ex
599 3706 696 3776 codice
708 3711 872 3781 recitavit.
902 3707 1067 3779 Nobilitas
1081 3726 1139 3779 ruo
1150 3712 1261 3781 dixu:
1284 3710 1360 3783 Edi·

289 3823 354 3881 cat
368 3802 540 3897 officium,
551 3823 721 3899 quantum
733 3804 802 3896 jam
819 3806 887 3878 diei
906 3807 1069 3879 videatur
1084 3808 1278 3885 emensum.
1302 3816 1363 3883 Ru·

284 3911 436 4004 fintenus
458 3910 567 3977 Scribo
586 3915 656 3975 viri
677 3900 842 3997 clorifflmi
862 3913 1015 3976 curatoris
1031 3910 1136 3980 dixit:
1175 3907 1363 4003 Exemptae

286 4004 373 4084 sont
392 4006 491 4079 horae
513 4003 679 4079 undecim
701 4004 782 4081 diei.
844 4009 1010 4079 Nobilitas
1033 4026 1090 4078 rua
1112 4008 1220 4079 dixit:
1259 4013 1362 4108 Quo·

269 4110 373 4191 nium
387 4108 465 4188 urei
475 4112 584 4208 pene*
601 4126 753 4186 omnem
770 4119 913 4206 partem
930 4102 1284 4218 commentorium,
1312 4108 1361 4185 id·

802 4230 805 4235 -
1225 4218 1331 4274 oneo
