3200 4784
303 413 372 497 588
553 402 885 483 Morcuuaura
908 405 1133 482 veneral

304 569 411 642 etiam
434 568 733 665 congregationes
751 567 908 660 plebium
934 564 1011 641 tieri
1037 567 1240 662 solebant,
1266 590 1368 663 quan·

302 670 360 740 vis
386 667 642 760 prosecutione
667 666 855 758 fervente,
889 666 978 740 ficut
997 667 1079 757 ipsrs
1107 669 1223 763 gestis
1246 671 1367 764 Marty·

304 786 384 839 rum
416 764 701 856 monstrabatur,
745 767 813 856 qui.
839 763 1114 855 confitebantur
1149 770 1188 840 in
1226 769 1369 862 pallioni·

305 867 373 939 bus
389 862 476 955 suis,
497 864 531 938 se
546 862 730 938 colledtam
748 864 782 936 u
803 864 1020 939 dominicum
1040 865 1168 962 egisse.
1223 869 1310 941 Hoc
1325 890 1369 941 au·

304 979 379 1038 tem
402 962 580 1038 Catholici
604 965 794 1056 dixerant,
833 964 867 1036 dt
892 977 1079 1056 antequam
1108 965 1368 1059 supputaret&

303 1062 537 1158 responderet
557 1061 737 1152 officium,
771 1061 900 1149 didium
926 1062 977 1137 est
1002 1066 1111 1137 etiam
1140 1063 1367 1141 aCatholio's

241 1192 248 1207 ³
303 1161 361 1251 Ep
377 1158 530 1253 scopatio
552 1164 610 1234 illa
634 1160 728 1258 gesta
746 1158 939 1253 Circense,
965 1182 1042 1253 quae
1058 1163 1257 1261 diligentia
1274 1168 1366 1260 majo

304 1280 384 1335 rum
402 1282 515 1353 usque
531 1261 575 1333 ad
589 1262 665 1334 haec
678 1277 844 1354 tempora
860 1259 992 1335 servari
1009 1261 1042 1334 dr
1061 1263 1235 1349 inveniri
1255 1279 1365 1359 potue

302 1362 399 1451 rint,
417 1360 464 1434 fic
483 1362 666 1452 habenda,
688 1359 985 1451 quemadmodum
1001 1362 1068 1435 illae
1086 1361 1263 1457 epistolae
1277 1365 1363 1439 Men·

302 1459 385 1537 surii
403 1459 438 1531 dr
455 1459 629 1550 Secundi,
656 1480 741 1551 quas
763 1457 960 1533 Donatistae
977 1462 1253 1538 recitaverunt.
1285 1462 1362 1538 Con·

303 1561 423 1632 cilium
448 1560 579 1651 quippe
601 1557 898 1654 Carthaginense,
925 1561 985 1631 ubi
1008 1558 1195 1634 absentem
1221 1561 1352 1637 Caecilia
1404 1652 1406 1657 Ι

301 1679 388 1735 num
415 1658 634 1756 septuaginta
660 1657 938 1739 damnaverunt,
965 1676 1302 1736 commemoratum
1325 1660 1362 1736 est

301 1762 409 1832 etiam
430 1781 449 1832 a
466 1758 671 1831 Melchiade
687 1758 866 1842 habiturn,
893 1759 954 1830 ubi
970 1757 1183 1831 Caecilianus
1209 1765 1265 1834 est
1280 1761 1363 1836 abso·

301 1858 409 1930 lutus.
469 1857 616 1930 Litteroe
641 1877 733 1929 vero
757 1858 826 1929 illae
848 1855 1019 1930 Mensurii
1044 1858 1076 1928 dr
1101 1857 1271 1933 Secundi
1296 1883 1359 1936 nus·

302 1977 406 2049 quarn
419 1958 499 2029 alibi
510 1971 799 2031 commemorate
810 1956 1034 2047 dicebantur,
1046 1953 1165 2050 (unde
1177 1962 1289 2032 nullo
1303 1963 1360 2033 alio

301 2055 509 2128 testimonio
536 2058 670 2128 veritas
703 2076 823 2128 earum
850 2053 1114 2149 asserebatur,)
1151 2077 1229 2130 nec
1255 2074 1360 2133 tamen

299 2155 385 2232 ideo
403 2155 568 2226 dicebant
584 2153 762 2227 Catholici
777 2152 876 2226 falsas
894 2151 976 2230 else.
1028 2153 1176 2227 Diuum
1197 2157 1255 2232 est
1269 2161 1361 2232 etiam

299 2255 375 2331 hoc
393 2277 411 2326 a
427 2251 644 2344 Catholicis,
664 2268 705 2325 ut
716 2257 913 2344 probarent
925 2252 1145 2347 Donatistae,
1166 2255 1193 2328 sr
1214 2256 1360 2350 pulsent,

299 2371 467 2446 tempore
487 2351 743 2445 persecutionis
760 2352 807 2424 irc
824 2351 915 2425 adse
933 2355 1088 2427 invicem
1105 2352 1282 2446 scripsisse
1291 2356 1360 2451 Epi-

299 2452 453 2544 scopos,
474 2453 769 2542 quemadmodum
781 2451 1000 2525 Mensurium
1019 2451 1277 2546 &Secundum
1293 2456 1358 2528 scri·

299 2553 399 2646 psrlsc
419 2551 661 2643 proferebant.
712 2552 823 2645 Quod
841 2572 916 2624 non
939 2554 1022 2624 ideo
1041 2554 1219 2626 dicebant
1238 2555 1359 2629 Catho·

299 2656 382 2744 lici,
416 2666 457 2722 ut
480 2654 562 2724 hinc
587 2654 662 2723 illas
679 2650 851 2724 Mensurii
874 2650 1077 2723 &Secundi
1101 2653 1251 2728 litteras
1272 2655 1360 2728 falsas

301 2753 370 2826 eise
383 2750 634 2843 monstrarent,
651 2773 739 2841 quae,
750 2751 807 2824 seu
823 2771 919 2821 verae
932 2751 991 2822 seu
1006 2749 1095 2822 salsae
1113 2751 1250 2846 essent,
1262 2754 1360 2826 cause

298 2854 386 2928 nihil
406 2847 616 2927 officerent,
645 2848 703 2920 sed
720 2867 761 2920 ut
785 2850 868 2922 hinc
886 2850 1128 2944 intelligerent
1149 2851 1360 2945 Donatistc,

301 2972 404 3043 quam
420 2971 512 3020 vana
529 2947 825 3042 tergiversatione
841 2947 1050 3020 Catholicos
1067 2969 1274 3045 cogerent,
1304 2956 1359 3025 alia

298 3049 465 3146 proferre
484 3048 648 3121 Concilia
663 3047 920 3139 persecutionis
940 3059 1103 3139 tempore
1121 3069 1360 3149 congregata;

301 3148 426 3242 quiasr
451 3150 500 3218 eis
526 3148 624 3220 stmili
649 3146 890 3220 obstinatione
909 3147 1107 3236 diceretur,
1145 3151 1360 3239 proferte&

298 3271 374 3321 vos·
396 3248 477 3318 alias
504 3244 667 3338 epistolas
690 3246 945 3340 persecutionis
966 3261 1131 3339 ternpore
1148 3246 1199 3320 irc
1221 3250 1360 3346 scriptas

299 3346 482 3436 omittas:
508 3367 585 3438 quae
607 3346 629 3417 sr
651 3346 901 3435 aliquomodo
921 3346 1306 3443 deprehenderentur,
1332 3351 1361 3423 dt

300 3449 455 3522 Codices
473 3445 644 3516 occultati
662 3446 753 3540 exigi
768 3444 930 3538 possent,
949 3447 981 3518 dr
998 3445 1091 3517 ordo
1111 3445 1146 3517 u
1163 3442 1361 3524 curator&

297 3546 473 3619 Centurio
499 3545 532 3616 dc
553 3541 802 3618 beneficiarius
827 3544 870 3616 ad
887 3544 1067 3619 discrimen
1088 3548 1219 3636 capitis
1239 3571 1359 3644 perve
1404 3580 1406 3585 ·

295 3649 394 3729 nire,
422 3648 480 3738 qui
499 3643 698 3717 Secundum
714 3645 853 3715 tradere
875 3646 1058 3717 nolentem
1075 3645 1301 3735 impunitum
1318 3651 1359 3723 di·
1403 3634 1406 3713 l

295 3745 419 3820 misisse
446 3745 718 3836 prodebantur,
750 3743 851 3815 nullo
874 3744 986 3816 modo
1007 3743 1050 3813 ad
1071 3743 1200 3818 horam
1231 3750 1359 3843 reperi-

294 3858 379 3918 rent
402 3847 484 3914 alias
504 3842 668 3935 epistolas
687 3854 853 3935 tempore
872 3841 1129 3935 persecutionis
1149 3846 1194 3917 ab
1218 3846 1358 3942 Episco

294 3942 350 4037 pis
369 3940 411 4013 ad
429 3941 682 4035 Episcoposin
704 3954 775 4016 tarn
796 3942 990 4037 longinqua
1005 3957 1178 4016 terrarum
1200 3947 1358 4021 similiter

293 4041 405 4121 datas.
440 4041 529 4120 Cum
543 4063 629 4143 ergo
640 4042 723 4117 hinc
734 4040 901 4118 diuturna
914 4039 1260 4124 conflictatioiieret
1274 4048 1357 4143 saepe

1205 4168 1312 4242 repe·
1399 4198 1406 4285 4
