3200 4784
279 344 281 349 ¹
519 332 522 341 ’
719 334 724 367 Ι

303 386 407 506 378¹
471 366 1096 525 ‘Monumenossvooeua
1201 494 1209 523 ι
1293 492 1297 499 ,

699 512 708 545 i
1304 524 1309 551 l

302 573 386 644 lona
400 565 569 657 allucens,
587 563 627 642 θ
642 554 819 637 odorabunt
834 590 903 636 eum
919 584 1022 737 omlnes
1035 571 1129 659 Reges
1141 579 1257 658 sena,
1276 554 1376 637 omnus

300 686 406 772 geistes
418 668 570 757 servient
588 668 649 739 illi.
701 664 793 738 Item
812 666 851 737 in
869 667 940 738 alio
985 666 1115 760 sal-mo:
1143 670 1241 737 Deus
1257 666 1377 737 deorum

302 774 465 845 Dominus
485 768 607 839 locutus
623 767 683 863 ιβ,
708 767 747 842 U
766 770 1037 836 voeooitterrnm
1057 795 1076 835 a
1094 764 1170 850 sessis
1185 782 1268 837 artu
1283 790 1377 862 usque

300 874 342 945 at
356 868 511 956 occasum3
536 888 575 938 tx
593 870 674 937 Sion
687 866 798 959 species
818 867 933 936 dosoris
947 869 1028 960 ejus.
1076 864 1287 957 Propterea
1307 864 1376 958 ipso

303 990 450 1063 quoque
467 966 646 1055 Dominus
666 964 785 1059 Jesus‚
814 966 874 1056 qui
895 966 1039 1037 locutos
1059 964 1179 1037 fuerat
1199 982 1294 1037 ante
1314 984 1375 1057 per

302 1090 368 1144 ora
385 1066 664 1159 Prophetarum,
680 1062 921 1157 -posteaquam
948 1064 1148 1137 resurrexit
1165 1086 1185 1136 a
1200 1066 1375 1157 mortuis,

298 1170 372 1264 jam
388 1186 452 1259 per
470 1187 511 1237 oa
534 1168 719 1259 proprium
740 1164 786 1236 src
804 1165 962 1255 promifit
981 1161 1185 1236 Ecclesram.
1248 1170 1377 1261 Opone·

302 1270 376 1356 bot,
401 1268 540 1355 inquit,
568 1268 692 1360 implori
710 1271 832 1351 omnio,
857 1288 926 1361 quo
939 1264 1058 1358 scripta
1076 1265 1158 1351 sunt
1175 1268 1214 1333 in
1240 1266 1376 1359 Lege&

302 1366 535 1463 Prophetis&
559 1366 692 1454 Psalmis
716 1366 752 1433 sie
773 1389 831 1437 ms.
885 1355 977 1435 ‘nnn
996 1368 1122 1460 operuit
1143 1366 1212 1434 illis
1235 1366 1376 1452 sensum,

277 1490 281 1499 ·
300 1486 339 1541 ut
356 1467 572 1558 intelligerent
585 1462 779 1560 scripturam
808 1463 847 1539 o
857 1464 950 1535 dixit
967 1469 1032 1534 eis.-
1058 1469 1149 1556 Quio
1159 1464 1206 1560 fic
1216 1465 1376 1560 scriptum

300 1570 361 1667 est,
388 1568 427 1643 (5
439 1566 484 1661 fic
504 1567 659 1659 oportebat
678 1564 839 1660 Christum
856 1567 948 1658 pati,
973 1562 1013 1640 (5
1031 1562 1218 1658 refisrgereo
1241 1571 1376 1635 mortuis

300 1668 485 1756 sortiariis,
512 1664 550 1740 (5
565 1665 730 1760 predicari
747 1670 783 1732 in
802 1668 928 1734 nomine
948 1667 1015 1760 ejus
1029 1670 1259 1759 poentientiam
1274 1664 1315 1743 ὅ
1330 1690 1374 1737 se·

300 1765 474 1857 miffsonem
497 1782 690 1860 peccatorum
710 1784 766 1861 por
793 1788 896 1834 omnes
919 1780 1050 1857 gentes,
1082 1766 1315 1859 incipientibus
1337 1764 1403 1837 oi·

304 1868 506 1966 Jerusalem
533 1879 702 1956 tanquam
728 1865 816 1937 illud
843 1864 1085 1938 testimonium
1101 1863 1250 1957 Psalmi,
1276 1865 1373 1957 quod

297 1965 571 2042 recentiisrmum
585 1964 789 2057 posuimus,
807 1966 927 2037 verbis
941 1966 1016 2036 aliis
1031 1978 1250 2056 exponeret.
1279 1966 1371 2039 Nam

300 2066 400 2160 quod
417 2066 466 2135 ibi
483 2065 639 2155 posltum
655 2061 728 2152 est,
760 2065 899 2136 locove
918 2080 1038 2134 terrum
1055 2091 1074 2133 a
1086 2064 1163 2151 solis
1179 2081 1258 2134 ortu
1278 2088 1370 2162 usquo

298 2170 340 2241 orl
363 2165 519 2247 oceasum,
552 2163 626 2235 hoc
651 2161 831 2235 Dominus
855 2165 930 2253 ait„
972 2167 1032 2234 Per
1054 2187 1160 2234 omnes
1179 2165 1369 2256 gentest&

302 2266 401 2358 quod
419 2262 468 2336 ibi
484 2262 638 2357 positum
656 2258 726 2350 est,
754 2261 808 2332 Ex
826 2267 907 2333 Sion
918 2261 1031 2357 species
1046 2266 1162 2336 decoris
1180 2269 1272 2359 ejus,
1298 2267 1368 2337 hoe

298 2363 575 2444 Domitiorum,
612 2363 841 2457 incipientibus
859 2363 897 2443 ab
915 2365 1106 2455 Jerusalem.
1159 2366 1254 2462 Quis
1276 2366 1368 2438 enim

298 2466 433 2542 nesciat
450 2462 537 2534 Sion
559 2461 795 2555 &Jerusalem
817 2462 924 2534 unam
948 2460 1015 2534 effe
1038 2465 1244 2555 civitatem,
1274 2464 1367 2535 unde

249 2602 253 2615 ·-
299 2567 410 2659 coepit
427 2563 534 2655 passio
549 2561 581 2633 n
597 2559 807 2634 resurrettio
821 2563 971 2635 Domini
988 2563 1068 2658 Jesu
1083 2561 1211 2634 Christi
1231 2584 1299 2655 per
1314 2582 1367 2634 or·

297 2666 381 2737 bem
405 2677 579 2734 terrarum
603 2663 748 2754 populis
767 2663 979 2736 mundandis
1001 2681 1108 2752 atque
1130 2661 1311 2735 salvandis
1329 2664 1366 2734 il·

209 2766 225 2842 ‘,
296 2763 495 2836 lustriffimo
518 2764 705 2854 praeconio
732 2761 943 2853 predicari?
978 2762 1137 2833 ‘Proinde
1161 2762 1363 2835 ascensurus

296 2866 333 2937 in
349 2865 475 2934 coelum
494 2862 715 2952 prouidens,
742 2863 838 2932 unde
855 2860 997 2932 fuissent
1017 2863 1174 2932 camales
1199 2864 1363 2934 homines

296 2982 365 3057 pro
381 2962 448 3033 suis
464 2961 697 3032 divissonibus
718 2960 1044 3053 &separationibus
1063 2964 1256 3053 litigaturi,
1285 2982 1362 3033 cum

225 3056 227 3061 ’
299 3060 494 3152 quesissent
507 3060 550 3129 ab
566 3079 611 3128 eo
626 3057 784 3149 discipuli
799 3061 921 3132 audire
937 3062 1067 3150 aliquid
1084 3061 1127 3131 de
1143 3059 1215 3132 sme
1232 3060 1362 3133 saeculi:
1386 3136 1391 3149 ,

296 3165 379 3237 Nm
397 3161 454 3255 efl,
482 3159 619 3248 inquit,
646 3159 781 3252 oestrum
794 3160 875 3246 scire
895 3176 1051 3254 tempora,
1077 3185 1142 3255 quo
1154 3177 1249 3256 poter
1263 3162 1364 3254 posuit

295 3266 335 3330 in
342 3265 403 3348 juo
414 3258 578 3354 poteslas&
595 3258 649 3344 sed
663 3265 822 3352 accipietis
839 3266 998 3329 virtutem
1013 3265 1158 3354 Spiritus
1172 3261 1301 3349 sonsii,
1320 3259 1364 3335 (Ἰ

296 3365 391 3434 eritis
408 3361 489 3427 mihi
507 3358 593 3452 tesius
609 3361 646 3426 in
662 3359 841 3452 Jerusalem
857 3358 895 3434 Θ
911 3365 948 3428 in
966 3377 1063 3430 totum
1080 3359 1232 3454 Judoom
1248 3362 1287 3436 (5
1304 3366 1364 3432 So·

294 3467 449 3544 moriam,
476 3457 514 3533 (5
531 3482 628 3551 usque
644 3462 683 3527 in
695 3475 793 3528 totam
808 3475 936 3532 terram.
958 3482 961 3489 ’
991 3461 1094 3531 Hanc
1113 3460 1363 3554 auotoritatem

293 3559 481 3655 magisterii
510 3556 659 3629 coelestis
693 3556 804 3630 secuti
840 3558 1010 3649 Apostoli
1037 3557 1231 3632 Ecclesiam
1267 3582 1363 3634 com·

293 3663 466 3739 mendant
482 3659 517 3729 in
534 3671 620 3728 toto
636 3659 775 3730 mundo·
790 3656 1063 3731 stultificantem
1079 3677 1185 3750 atque
1204 3661 1365 3732 crescen-

292 3771 392 3846 tem3
419 3760 451 3831 ἃ
471 3779 517 3830 ne
536 3756 571 3828 se
588 3759 624 3827 in
638 3771 757 3850 partes
774 3760 932 3830 membra
947 3758 1073 3831 Christi
1091 3781 1155 3851 per
1175 3760 1365 3837 hominum

291 3860 440 3936 nomina
461 3857 645 3942 dividant,
679 3858 728 3930 ita
751 3861 933 3949 carnales,
971 3863 1030 3950 qui
1050 3861 1121 3950 jam
1143 3860 1216 3931 hoc
1242 3859 1364 3933 facere

293 3970 499 4049 coeperant,
533 3955 732 4047 Apostolus
757 3959 975 4050 alloquitur:
1013 3961 1136 4046 Obsecro
1160 3983 1216 4026 vos
1232 3960 1364 4053 fratres

273 4075 346 4161 pou
359 4079 473 4134 mmm
490 4059 628 4129 Domini
649 4058 746 4158 nostri
771 4058 852 4156 Jesn
872 4059 1012 4156 cirilli,
1043 4075 1081 4130 ns
1098 4059 1230 4154 idipsum
1249 4062 1366 4132 dicatis

1207 4181 1328 4241 omnen
