3200 4784
523 393 639 482 178
1141 403 1149 423 ·
1274 378 1651 492 opum
1699 375 1948 455 Aru

521 541 683 626 ,Dei
729 541 801 616 in
848 534 1372 635 phantasmate,
1436 559 1589 611 non
1641 541 1713 612 in
1764 559 1978 613 carne
2023 537 2222 614 fuisse
2263 547 2672 637 contendit,

541 639 755 718 fidem
800 639 988 714 suam
1030 637 1459 729 suorumque
1500 643 1847 730 corrupit.
1950 639 2376 714 Nativitatis
2415 668 2675 722 eorum

542 741 782 818 semen
828 739 1373 812 exterminatum
1413 737 1557 822 est,
1611 743 1728 830 qui
1768 759 1916 810 non
1954 741 2411 814 crediderunt
2447 742 2673 819 filium

542 841 687 916 Dei
728 842 799 913 in
844 859 1057 912 carne
1104 855 1349 912 natum
1400 837 1491 911 de
1536 839 1814 934 virgine
1849 837 2125 932 Maria,
2183 842 2248 916 &
2296 841 2558 934 pass'urn
2599 847 2674 919 in

537 962 781 1014 carne.

698 1063 763 1133 9.
814 1037 1005 1110 Nam
1043 1036 1108 1110 δι
1154 1037 1327 1109 illud
1381 1035 1577 1125 quod
1614 1038 1686 1108 in
1721 1036 2026 1128 jeremia
2065 1038 2427 1132 Propheta
2460 1053 2537 1112 te
2579 1044 2678 1115 le-

541 1137 709 1237 gisse
754 1134 1321 1210 commemorasti
1351 1187 1375 1224 ‚
1442 1135 1880 1209 exhorruiss'e
1917 1141 2216 1231 coelum‚
2285 1141 2484 1233 quod
2523 1144 2671 1213 duo

541 1241 851 1334 maligna
894 1239 1203 1328 populus
1241 1235 1380 1306 Dei
1430 1235 1727 1328 fecerit,
1780 1255 1855 1307 ut
1885 1242 2398 1337 derelinquerent
2420 1239 2677 1331 fontem

519 1363 722 1435 ,aquae
772 1343 972 1426 vita,
1039 1335 1440 1427 &foderent
1474 1337 1585 1427 fibi
1629 1337 1802 1405 lacus
1849 1339 2159 1418 detritos,
2208 1346 2323 1436 qui
2362 1365 2494 1410 non
2536 1342 2675 1438 pos-

528 1441 682 1532 sent
734 1442 959 1533 aquam
1006 1441 1345 1526 continere.
1450 1434 1705 1530 Legisti
1760 1436 2088 1529 quidem,
2159 1433 2272 1512 sed
2315 1453 2395 1512 ut
2437 1437 2506 1512 se
2553 1461 2674 1514 res

537 1532 802 1625 habet,
846 1537 1241 1626 intelligere
1276 1535 1603 1606 noluisti:
1655 1532 1889 1606 studio
1925 1539 2340 1612 criminandi
2377 1539 2461 1612 ad
2501 1561 2675 1612 c-on-

537 1641 801 1712 vitium
835 1632 1381 1707 Catholicorum
1418 1632 1668 1706 cunfta
1701 1654 2194 1728 componens,
2248 1641 2545 1713 multum
2583 1640 2670 1712 ad

540 1736 911 1808 arbitrium
946 1748 1143 1807 tuum
1188 1734 1541 1804 declinare
1576 1748 1880 1808 cenatus
1917 1758 2018 1810 es,
2119 1738 2186 1808 Si
2233 1741 2418 1811 enim
2460 1756 2668 1830 putas

508 1856 670 1932 ‚per
712 1833 1107 1925 Prophetas
1159 1831 1253 1906 fic
1299 1831 1479 1905 dieta
1523 1831 1663 1904 effe
1713 1836 2001 1925 omnia,
2071 1852 2154 1907 ut
2203 1838 2287 1908 ad
2337 1854 2667 1930 tempora

536 1935 783 2010 nostra
815 1934 1257 2025 pertineant:
1327 1930 1659 2004 excusasti
1691 1933 2023 2027 Judaeos,
2091 1937 2180 2007 de
2224 1939 2474 2026 quibus
2510 1939 2663 2009 haec

540 2035 723 2107 dicia
753 2033 889 2105 effe
927 2033 1237 2122 constat,
1272 2033 1391 2122 qui
1424 2030 1835 2104 dimiserunt.
1859 2034 2094 2106 Deum
2127 2037 2402 2125 vivum,
2429 2037 2666 2110 Deum

537 2154 840 2222 verum,
894 2131 1172 2222 Deum,
1228 2133 1345 2221 qui
1382 2131 1516 2202 iuis
1554 2129 1909 2223 ,beneficia
1950 2133 2328 2224 praestititz.
2369 2136 2434 2205 &
2471 2136 2668 2208 fece-

502 2247 713 2306 .r·„mt
747 2232 867 2304 fibi
900 2229 1143 2318 Idola,
1194 2231 1339 2302 hoc
1368 2228 1507 2321 est,
1560 2231 1754 2302 lacus
1788 2231 2136 2322 detrit08‚
2181 2236 2296 2324 qui
2327 2255 2474 2306 non
2504 2233 2666 2324 pos-

536 2331 701 2408 sunt
763 2352 1013 2422 aquam
1079 2331 1483 2403 continere.
1607 2327 1685 2402 ln
1740 2329 1909 2403 Deo
1963 2336 2298 2424 perennis
2348 2331 2666 2426 majestas¹

536 2432 897 2520 exundat,
948 2427 1127 2502 ficut
1156 2431 1225 2500 in
1258 2426 1509 2519 fonte,
1561 2431 1679 2520 qui
1717 2431 2005 2524 largiter
2033 2431 2508 2506 defluentibus
2539 2453 2664 2506 ve-

535 2535 649 2606 nis
680 2533 1050 2616 exuberat.
1152 2529 1353 2602 ldola
1394 2548 1574 2600 vero
1616 2527 1846 2613 finon
1879 2527 2092 2620 flant,
2147 2552 2298 2604 non
2343 2530 2538 2620 sum,
2597 2532 2667 2606 δι

534 2631 732 2706 lacus
767 2628 889 2702 nis1
914 2627 1307 2716 fodiantur,
1332 2627 1514 2700 finus
1542 2648 1839 2720 capaces
1872 2629 2135 2702 habere
2165 2651 2318 2703 non
2353 2630 2661 2722 poss‘unt.

534 2729 771 2806 Lacus
804 2729 947 2804 fine
985 2744 1138 2801 arte
1162 2728 1228 2801 &
1262 2727 1707 2800 ferramentis
1739 2729 1980 2800 cavari
2005 2748 2155 2801 non
2181 2729 2456 2820 potest:
2525 2751 2665 2803 nec
