3200 4784
290 387 301 438 ‘'
418 409 901 496 oaDosanrrrsnuu
930 393 1182 488 Hieronis.
1257 427 1333 502 505

245 565 609 670 spernentesne,
640 569 667 644 si
688 570 803 644 tacuit
816 565 1032 662 Imperator.
1059 571 1122 668 ‘Er
1137 570 1201 640 alla
1218 595 1330 651 nane.

245 675 438 752 Emeritos
470 669 671 767 Episcopus
708 667 805 744 salua
840 670 1084 765 appellatione
1118 668 1239 745 nostra
1271 695 1332 749 re·

258 796 310 850 co
335 794 439 847 novt.
823 792 826 797 ·

312 797 395 954 glle.
424 872 684 943 mtrunarlanur
695 867 865 964 Episcopus
877 869 1015 964 Eccsefiae
1028 869 1198 941 catholica
1216 871 1327 946 dixitr

261 973 409 1048 Causam
428 972 571 1062 dicant,
593 977 637 1041 ut
654 968 725 1059 jam
739 968 913 1061 diximus,
940 969 1219 1061 separationis&
1238 972 1330 1047 divi·

258 1074 368 1147 sionis
386 1073 429 1146 ab
447 1067 606 1143 Ecclesia
622 1080 707 1141 toto
723 1081 900 1142 terrarum
924 1071 1024 1141 orbe·
1036 1066 1219 1163 promissa,
1246 1070 1328 1169 lege

258 1169 420 1265 firmata,
435 1168 647 1256 testimoniis
658 1165 919 1258 Prophetarum
936 1171 1017 1240 luce
1036 1168 1163 1245 clarius
1179 1168 1331 1244 demon·

259 1271 390 1357 strata,
410 1265 625 1366 ,Evangelio
646 1286 761 1357 usque
782 1266 894 1340 hodie
915 1288 1041 1363 magna
1059 1264 1227 1340 firmitate
1248 1288 1331 1362 pers

261 1369 385 1449 duitas
423 1368 458 1441 dt
483 1363 665 1442 discedant
690 1369 899 1439 moratotiae
924 1365 1261 1462 tergiversationes,
1295 1370 1331 1446 dt

260 1468 496 1646 &paratior-ia
508 1466 716 1546 crimenvel
729 1464 809 1546 seco
821 1464 1055 1567 cognoscant
1084 1466 1327 1580 Erolramanu.

300 1590 369 1642 eco
393 1588 497 1646 novi.
848 1615 850 1620 -
1316 1633 1324 1646 ,
1371 1617 1375 1628 »

340 1590 397 1759 338.
416 1670 599 1738 Montanus
613 1662 778 1760 Episcopus
787 1664 890 1734 dixit.-
910 1661 1333 1758 concordantemque

261 1766 501 1865 postulamus,
525 1762 782 1838 adsertionibus
805 1762 935 1835 nostris
952 1784 1030 1836 non
1045 1764 1232 1837 deerimus.
1279 1765 1330 1841 Ee

261 1870 331 1943 alio
349 1888 461 1944 manu.
501 1864 702 1939 Montanus
722 1860 918 1957 Episcopus
937 1860 1211 1955 prosecutiones
1232 1886 1330 1942 meas

262 1965 367 2048 salvo
382 1964 631 2059 appellationis
649 1959 779 2038 effenu
793 1962 1009 2058 recognovi.
1086 1981 1092 2014 ‹

291 2103 293 2108 ·
342 2074 399 2155 84.
426 2065 639 2136 Marcellinus
657 2068 710 2130 eir
724 2058 914 2150 riariffiorcr
932 2056 1096 2133 ‘l‘riiunrrr
1114 2061 1330 2140 &Notarius

261 2166 368 2239 dixit:
401 2163 639 2261 Legationem
664 2158 897 2250 acatholicis
921 2155 1115 2255 susceptam
1136 2162 1331 2257 imperialis

262 2262 452 2340 fruitionis
472 2276 580 2336 tenor
596 2257 774 2351 ostendit,
796 2260 833 2332 in
851 2279 919 2350 qua
938 2262 1172 2336 collationem
1189 2262 1331 2337 constat

263 2362 367 2440 fuisse
388 2360 622 2456 postulatam,
656 2362 713 2432 cui
734 2378 793 2432 me
811 2359 966 2450 judicem
993 2361 1088 2438 idem
1112 2361 1334 2437 clementissi.

263 2485 344 2541 ntus
361 2461 526 2556 Princeps
544 2462 664 2534 voluit
679 2458 843 2532 residere.
884 2459 993 2532 Unde
1010 2461 1178 2551 quoniam
1196 2462 1240 2533 de
1253 2480 1334 2555 per·-

264 2562 361 2638 sonis
384 2563 585 2656 legatorum
605 2559 693 2630 nihil
715 2558 898 2645 inquirere
915 2571 1114 2650 praeceptus
1131 2558 1228 2647 sum,
1262 2580 1333 2634 nee

267 2660 445 2738 excedere
467 2680 525 2731 me
550 2654 651 2751 polle
675 2655 845 2747 praecepti
860 2654 1011 2731 formam
1034 2656 1152 2731 vestra
1171 2655 1334 2735 senilitas

265 2779 407 2836 mecum
433 2758 559 2829 melius
585 2751 842 2848 recognoscit,
882 2755 1071 2851 dignamini
1098 2758 1240 2831 tandem
1273 2759 1335 2832 ali·

271 2856 416 2950 quando
448 2857 634 2947 negotium
667 2872 906 2946 proponere,
945 2868 986 2925 ut
1021 2856 1063 2927 δι’
1089 2856 1151 2948 ipsi
1186 2858 1335 2935 veritati

264 2959 305 3037 a&
330 2955 517 3049 principali
538 2952 678 3046 jullioni
701 2950 912 3035 satisfactum
934 2952 1004 3037 eise
1029 2956 1067 3037 in
1090 2956 1258 3034 omnibus
1279 2958 1337 3033 vl·

271 3058 408 3134 deutur.

346 3164 404 3240 85.
433 3153 596 3226 Emerim
616 3150 781 3247 Episcopus
796 3152 898 3221 dixit.-
924 3150 1021 3247 Quid
1039 3151 1180 3228 secreto
1194 3165 1334 3252 agatur,

269 3254 459 3349 intelligis,
484 3254 542 3322 vir
558 3248 776 3346 spediabilis,
803 3250 887 3331 dum
901 3270 974 3324 rem
992 3252 1028 3325 in
1045 3254 1165 3330 medio
1182 3255 1335 3346 posnam

272 3354 307 3430 dt
329 3373 424 3446 pene
445 3348 517 3442 ipsa
538 3352 828 3442 luceclariorem
851 3350 983 3421 volunt
1005 3354 1145 3431 nebulis
1164 3354 1337 3447 obligare.

273 3453 517 3528 Collationem
536 3449 718 3543 imperiale
744 3461 961 3543 preceptum
984 3450 1081 3525 inter
1100 3464 1218 3542 partes
1240 3449 1334 3550 fleri,

272 3570 341 3645 pro
355 3549 412 3630 sua
431 3548 566 3630 censuit
582 3551 790 3625 voluntate:
815 3569 883 3620 nos
902 3568 1047 3638 quoque
1064 3546 1255 3628 secundum
1271 3572 1337 3626 eo·

272 3648 613 3741 competitionem,
644 3661 686 3730 ut
713 3647 861 3738 dicunt,
895 3666 999 3738 quam
1020 3668 1116 3728 nunc
1139 3649 1336 3741 injudicio

276 3763 430 3844 negant,
457 3768 559 3840 qnam
574 3749 776 3839 approbare
793 3748 935 3826 nolunt.
972 3749 1019 3818 Et
1037 3772 1103 3824 een
1120 3750 1247 3828 dicerer„
1287 3752 1337 3834 Ep

275 3849 342 3928 elia
363 3872 472 3930 nonu.
518 3843 699 3924 Emeritos
725 3843 942 3940 Episcopus,
974 3844 1068 3923 salva
1094 3848 1340 3945 appellatione

273 3944 419 4036 nostra,
436 3947 652 4043 recognovi.
695 3944 889 4052 Augustinus
901 3946 1064 4048 Episcopus
1075 3947 1209 4041 Eccltfiae
1219 3950 1337 4024 Gotho«

275 4047 460 4130 licentur
484 4043 577 4129 Nou
590 4065 770 4154 negamus.
818 4045 865 4114 Er
879 4046 946 4120 alia
961 4070 1068 4127 nanu.
1105 4046 1346 4140 Recognovit·

724 4237 727 4244 ¹
792 4141 834 4228 li
859 4159 880 4245 ς
978 4195 982 4202 ·
1211 4141 1323 4219 Erote-
