3200 4784
635 375 788 482 laruae
806 411 1009 494 §saurus
1289 427 1357 504 ¹03

286 587 432 660 cunque
452 567 607 660 animum
630 571 747 642 carnis
773 567 941 642 desrdaria
962 563 1192 662 pungerent,
1226 582 1355 646 contra

286 672 598 766 impugnationem
627 671 769 742 mentis·
783 671 997 743 mitellarum
1020 687 1189 741 numerus
1213 668 1356 744 dimica·

283 785 350 852 ret,
367 769 371 776 '
402 769 475 840 Res
490 771 641 843 inventa
656 768 707 842 est
719 772 762 842 ad
778 770 909 866 signum
926 769 1072 860 capitis,
1089 787 1167 840 non
1180 769 1223 842 ad
1239 789 1353 844 reme·

286 869 383 942 dium
408 869 589 944 castitatis.
640 869 808 960 Denique
831 869 909 939 talis
935 888 1070 961 pannus
1097 865 1289 960 deerrare,
1316 868 1351 942 δι

284 969 388 1060 ro'dl,
416 971 587 1062 &perire
603 967 740 1062 potest:
767 968 800 1039 dr
821 985 940 1042 tamen
959 967 1166 1062 virginitas,
1191 967 1350 1044 srinlaesa

283 1067 349 1159 lit,
376 1067 448 1148 sme
474 1071 607 1142 mitella
629 1081 707 1140 tuta
732 1066 802 1140 else
820 1065 952 1158 potest.
1004 1066 1168 1161 spiritale
1190 1069 1348 1142 nubendi

239 1240 243 1256 ,
281 1169 356 1241 hoc
371 1189 483 1264 genus
502 1167 574 1256 est,
602 1169 639 1239 in
651 1171 794 1258 nuptias
809 1167 922 1259 sponsr
935 1168 1006 1258 jam
1025 1179 1200 1238 venerant
1215 1168 1348 1238 volun·

239 1264 243 1295 ⁵
281 1267 653 1360 tate&profels10ne
677 1267 755 1339 suat
782 1267 824 1340 'dt
852 1279 893 1338 ut
915 1264 1129 1337 secularibus
1153 1266 1287 1358 nuptiis
1311 1265 1346 1339 se

280 1366 500 1440 renunciasse
522 1365 795 1466 monstrarent·,²
828 1365 862 1437 dr
873 1364 1011 1457 junilas
1032 1365 1176 1456 spiritali
1200 1362 1345 1456 sponso,

279 1463 465 1539 solverant
477 1469 632 1550 crinem,
646 1467 717 1557 iarn
731 1465 891 1540 coelelles
906 1466 1179 1536 celebraverant
1191 1465 1344 1557 nuptias.

280 1568 378 1663 Quid
403 1566 573 1657 estquod
599 1587 658 1637 eas
685 1566 815 1639 iterum
840 1565 957 1638 crines
982 1561 1127 1636 solvere
1152 1561 1343 1658 coegistis?

278 1665 399 1763 Quid,
425 1667 589 1756 inquam,
610 1665 708 1755 quod
720 1667 764 1737 ab
781 1665 860 1758 ipsrs
880 1683 943 1757 per
961 1685 1030 1735 vos
1049 1641 1172 1735 exac⁴ta
1185 1659 1237 1734 e'st
1256 1683 1342 1756 pro·

274 1761 376 1836 selsro
393 1763 574 1837 secundat
607 1765 699 1860 Quis
723 1763 775 1836 est
799 1766 890 1836 ¹alter
914 1759 1073 1853 spiritalis
1089 1759 1255 1855 sponsus,
1283 1763 1340 1834 cui

271 1862 408 1950 iterum
433 1863 637 1935 nuberent?
672 1863 830 1959 Quando
851 1876 1014 1935 mortuus
1033 1860 1105 1954 est,
1138 1864 1196 1933 cui
1215 1861 1341 1954 nupse-

269 1975 379 2050 rant,
405 1975 446 2033 ut
461 1963 590 2033 iterum
611 1961 771 2035 nubant?
795 1959 975 2052 ¹Nudastis
995 1960 1115 2034 denuo
1134 1963 1249 2052 capita
1266 1965 1340 2054 jam

270 2061 415 2131 velata:
437 2061 483 2132 de
499 2064 625 2150 quibus
641 2061 864 2154 professionis
881 2059 1079 2134 detraxistis
1093 2060 1239 2148 indicia,
1261 2081 1339 2152 qua

273 2172 404 2230 contra
428 2173 591 2252 raptores
616 2175 677 2232 aut
694 2163 871 2254 petitores
893 2160 1064 2234 videntur
1081 2161 1243 2235 inventa.
1294 2161 1338 2236 ln

269 2258 406 2331 mitella
427 2258 597 2334 indicium
617 2260 670 2334 est
694 2261 917 2352 voluntatis,
948 2275 1027 2334 ¹non
1049 2259 1217 2333 castitatis
1240 2263 1336 2333 auxi-

268 2358 384 2431 lium:
416 2373 458 2429 ut
482 2379 557 2432 rem
577 2360 649 2452 jam
675 2361 758 2434 Deo
782 2363 953 2435 devotam
970 2381 1071 2452 nec,
1106 2362 1165 2450 qui
1194 2356 1338 2452 sponsa·

266 2456 353 2548 bat,
380 2457 589 2549 perseveret
613 2475 761 2553 petere,
780 2473 852 2535 'aut
876 2481 923 2534 ne
947 2475 1072 2553 raptor
1098 2458 1229 2530 'audeat
1254 2459 1335 2530 vio.

265 2558 362 2630 lare:
389 2556 521 2652 sagnllm
548 2557 598 2630 est
621 2581 733 2655 ergo,
759 2581 838 2634 non
860 2561 1129 2633 Sacramentum
1153 2557 1335 2650 virginita-

267 2655 327 2728 tis.
385 2655 497 2751 Igitur
513 2657 717 2748 hujusmodi
734 2661 913 2754 virgines,
950 2678 1026 2747 quae
1042 2660 1114 2748 jam
1134 2654 1336 2748 spiritaliter

266 2752 477 2845 nupserant:
504 2756 599 2845 quasa
620 2756 789 2829 secundas
812 2757 976 2852 coegistis
996 2756 1038 2827 ad
1058 2753 1221 2846 nuptias,
1248 2755 1336 2830 &ut

266 2855 386 2926 crines
406 2855 538 2926 iterum
557 2853 772 2946 solverent,
791 2855 1012 2948 imperastis.
1071 2854 1157 2934 Hoc
1175 2875 1244 2928 nec
1260 2877 1335 2930 mu·

264 2953 375 3026 lieres
392 2955 595 3044 patiuntur,
618 2975 700 3045 ,quae
718 2956 907 3029 carnaliter
922 2957 1081 3028 nubunt:
1108 2955 1291 3046 exquibus
1307 2955 1334 3029 fi

265 3053 374 3124 alicui
395 3053 559 3124 maritum
580 3070 717 3126 mutare
737 3055 955 3151 contigerit,
981 3075 1057 3128 non
1076 3055 1255 3147 repetitur
1274 3056 1333 3128 illa
1388 3077 1391 3082 ’

264 3153 478 3241 temporalis
497 3150 685 3226 festivitas:
711 3175 789 3228 non
811 3155 846 3229 in
869 3157 978 3228 altum
993 3155 1152 3229 tollitur:
1178 3176 1253 3228 non
1268 3175 1333 3247 po·

262 3251 343 3345 puli
372 3245 573 3339 frequentia
598 3269 825 3346 procuratur.
858 3301 860 3306 -
886 3253 1097 3328 Detraxistis
1122 3255 1230 3350 igitur
1254 3275 1331 3327 non

264 3347 395 3437 capitis
412 3368 639 3444 ornamenta,
665 3353 724 3427 sed
747 3351 809 3448 (ut
824 3354 927 3448 supra
944 3352 1118 3449 diximus)
1139 3355 1246 3425 bonae
1264 3373 1333 3424 vo·

265 3448 417 3519 luntatis
436 3448 575 3525 indicia.
626 3455 703 3547 Jam
723 3454 955 3526 consecratos
970 3453 1054 3526 Deo
1070 3451 1253 3545 aspersrstis
1270 3453 1332 3522 irn-

268 3547 410 3620 mundis
445 3550 622 3621 cineribus
654 3555 798 3645 crines,
832 3552 967 3644 julsrstis
1000 3554 1107 3624 etiam
1135 3548 1216 3624 salsa
1243 3569 1333 3639 aqua

265 3644 445 3739 perfundi.
507 3644 556 3719 Et
576 3650 711 3723 utinam
740 3656 799 3725 vel
825 3651 862 3722 id
888 3650 987 3741 quod
1013 3647 1161 3740 tulistis,
1193 3649 1332 3722 veloci·

266 3757 326 3816 ter
351 3749 589 3839 reponeretis.
642 3748 905 3842 Interposuistis
923 3769 1063 3841 moras,
1089 3763 1131 3818 ut
1144 3745 1332 3824 retroatte

265 3844 315 3918 in.
331 3843 480 3937 pristino
503 3848 649 3936 habitu,
685 3851 810 3939 aliquae
838 3850 970 3922 diutius
995 3860 1245 3940 remanerent,
1272 3851 1341 3924 re-'

267 3943 390 4016 tradis
409 3945 530 4041 signis,
565 3950 692 4039 quibus
713 3948 747 4021 se
765 3951 837 4042 iam
856 3947 988 4021 dudum
1006 3961 1134 4022 contra
1154 3950 1333 4041 petitores

267 4043 491 4142 &raptores
512 4049 754 4126 marniverant.
779 4048 892 4229 GQui
917 4067 998 4136 cum
1024 4047 1219 4228 viderznt,
1247 4067 1334 4139 pre·

843 4172 868 4247 4
1154 4146 1309 4246 estune·
