<?xml version="1.0" encoding="UTF-8"?>
<!DOCTYPE html PUBLIC "-//W3C//DTD XHTML 1.0 Transitional//EN"
    "http://www.w3.org/TR/xhtml1/DTD/xhtml1-transitional.dtd">
<html xmlns="http://www.w3.org/1999/xhtml" xml:lang="en" lang="en">
 <head>
  <title>
</title>
<meta http-equiv="Content-Type" content="text/html;charset=utf-8" />
  <meta name='ocr-system' content='tesseract 3.04.00' />
  <meta name='ocr-capabilities' content='ocr_page ocr_carea ocr_par ocr_line ocrx_word'/>
</head>
<body>
  <div class='ocr_page' id='page_1' title='image "./operaomniasanct06librgoog_0063.png"; bbox 0 0 3200 4784; ppageno 0'>
   <div class='ocr_carea' id='block_1_1' title="bbox 1253 427 1341 494">
    <p class='ocr_par' dir='ltr' id='par_1_1' title="bbox 1253 427 1341 494">
     <span class='ocr_line' id='line_1_1' title="bbox 1253 427 1341 494; baseline 0.023 -2"><span class='ocrx_word' id='word_1_1' title='bbox 1253 427 1341 494; x_wconf 74' lang='lat' dir='ltr'>Hx·</span> 
     </span>
    </p>
   </div>
   <div class='ocr_carea' id='block_1_2' title="bbox 225 565 1398 4214">
    <p class='ocr_par' dir='ltr' id='par_1_2' title="bbox 243 565 1336 1148">
     <span class='ocr_line' id='line_1_2' title="bbox 264 565 1336 693; baseline -0.001 -23"><span class='ocrx_word' id='word_1_2' title='bbox 264 581 393 680; x_wconf 81' lang='lat' dir='ltr'>ratis,</span> <span class='ocrx_word' id='word_1_3' title='bbox 435 579 632 664; x_wconf 87' lang='lat' dir='ltr'>animum</span> <span class='ocrx_word' id='word_1_4' title='bbox 653 565 722 662; x_wconf 83' lang='lat' dir='ltr'>ule</span> <span class='ocrx_word' id='word_1_5' title='bbox 756 577 894 686; x_wconf 83' lang='lat' dir='ltr'>capit,</span> <span class='ocrx_word' id='word_1_6' title='bbox 943 603 1010 662; x_wconf 87' lang='lat' dir='ltr'>ma</span> <span class='ocrx_word' id='word_1_7' title='bbox 1042 602 1183 693; x_wconf 84' lang='lat' dir='ltr'>noque</span> <span class='ocrx_word' id='word_1_8' title='bbox 1212 579 1336 685; x_wconf 85' lang='lat' dir='ltr'>ausu,</span> 
     </span>
     <span class='ocr_line' id='line_1_3' title="bbox 260 604 1336 809; baseline -0.002 -25"><span class='ocrx_word' id='word_1_9' title='bbox 260 689 374 784; x_wconf 86' lang='lat' dir='ltr'>foras</span> <span class='ocrx_word' id='word_1_10' title='bbox 398 689 506 780; x_wconf 90' lang='lat' dir='ltr'>hosti</span> <span class='ocrx_word' id='word_1_11' title='bbox 530 690 696 776; x_wconf 87' lang='lat' dir='ltr'>obviam</span> <span class='ocrx_word' id='word_1_12' title='bbox 719 693 769 794; x_wconf 86' lang='lat' dir='ltr'>it,</span> <span class='ocrx_word' id='word_1_13' title='bbox 799 692 972 809; x_wconf 83' lang='lat' dir='ltr'>gratiam</span> <span class='ocrx_word' id='word_1_14' title='bbox 988 604 1060 776; x_wconf 57' lang='lat' dir='ltr'>nii</span> <span class='ocrx_word' id='word_1_15' title='bbox 1082 692 1250 806; x_wconf 86' lang='lat' dir='ltr'>suisque</span> <span class='ocrx_word' id='word_1_16' title='bbox 1266 723 1336 782; x_wconf 85' lang='lat' dir='ltr'>ex·</span> 
     </span>
     <span class='ocr_line' id='line_1_4' title="bbox 262 805 1336 916; baseline 0.004 -23"><span class='ocrx_word' id='word_1_17' title='bbox 262 829 473 894; x_wconf 88' lang='lat' dir='ltr'>oraturus.</span> <span class='ocrx_word' id='word_1_18' title='bbox 541 805 836 916; x_wconf 82' lang='lat' dir='ltr'>Tempestivo,</span> <span class='ocrx_word' id='word_1_19' title='bbox 869 829 915 891; x_wconf 91' lang='lat' dir='ltr'>ut</span> <span class='ocrx_word' id='word_1_20' title='bbox 940 809 1126 916; x_wconf 89' lang='lat' dir='ltr'>primum</span> <span class='ocrx_word' id='word_1_21' title='bbox 1148 811 1194 895; x_wconf 93' lang='lat' dir='ltr'>in</span> <span class='ocrx_word' id='word_1_22' title='bbox 1219 807 1336 896; x_wconf 88' lang='lat' dir='ltr'>Tillii</span> 
     </span>
     <span class='ocr_line' id='line_1_5' title="bbox 243 919 1335 1036; baseline 0.002 -26"><span class='ocrx_word' id='word_1_23' title='bbox 243 919 474 1036; x_wconf 72' lang='lat' dir='ltr'>aspestum</span> <span class='ocrx_word' id='word_1_24' title='bbox 497 942 689 1022; x_wconf 87' lang='lat' dir='ltr'>venerat,</span> <span class='ocrx_word' id='word_1_25' title='bbox 719 920 997 1032; x_wconf 86' lang='lat' dir='ltr'>stratagemate</span> <span class='ocrx_word' id='word_1_26' title='bbox 1015 920 1132 1016; x_wconf 87' lang='lat' dir='ltr'>usus,</span> <span class='ocrx_word' id='word_1_27' title='bbox 1157 927 1335 1012; x_wconf 80' lang='lat' dir='ltr'>recitans</span> 
     </span>
     <span class='ocr_line' id='line_1_6' title="bbox 263 1035 970 1148; baseline -0.011 -18"><span class='ocrx_word' id='word_1_28' title='bbox 263 1035 540 1148; x_wconf 80' lang='lat' dir='ltr'>virgilianam</span> <span class='ocrx_word' id='word_1_29' title='bbox 555 1035 825 1123; x_wconf 85' lang='lat' dir='ltr'>imitationem</span> <span class='ocrx_word' id='word_1_30' title='bbox 847 1035 970 1122; x_wconf 85' lang='lat' dir='ltr'>hanc:</span> 
     </span>
    </p>

    <p class='ocr_par' dir='ltr' id='par_1_3' title="bbox 326 1167 1070 1268">
     <span class='ocr_line' id='line_1_7' title="bbox 326 1167 1070 1268; baseline -0.005 -23"><span class='ocrx_word' id='word_1_31' title='bbox 326 1174 424 1246; x_wconf 78' lang='lat' dir='ltr'>Venit</span> <span class='ocrx_word' id='word_1_32' title='bbox 435 1169 568 1268; x_wconf 80' lang='lat' dir='ltr'>summo</span> <span class='ocrx_word' id='word_1_33' title='bbox 585 1169 655 1248; x_wconf 78' lang='lat' dir='ltr'>dies</span> <span class='ocrx_word' id='word_1_34' title='bbox 674 1169 719 1254; x_wconf 62' lang='grc' dir='ltr'>δ’</span> <span class='ocrx_word' id='word_1_35' title='bbox 739 1170 941 1248; x_wconf 65' lang='lat' dir='ltr'>ineluctabile</span> <span class='ocrx_word' id='word_1_36' title='bbox 956 1167 1070 1262; x_wconf 80' lang='lat' dir='ltr'>farum</span> 
     </span>
    </p>

    <p class='ocr_par' dir='ltr' id='par_1_4' title="bbox 318 1267 1336 1368">
     <span class='ocr_line' id='line_1_8' title="bbox 318 1267 1336 1368; baseline 0.004 -22"><span class='ocrx_word' id='word_1_37' title='bbox 318 1272 545 1366; x_wconf 78' lang='lat' dir='ltr'>Magdbnrgo.</span> <span class='ocrx_word' id='word_1_38' title='bbox 597 1269 738 1344; x_wconf 82' lang='lat' dir='ltr'><strong><em>Fuimus</em></strong></span> <span class='ocrx_word' id='word_1_39' title='bbox 767 1267 889 1346; x_wconf 75' lang='lat' dir='ltr'>Troes!</span> <span class='ocrx_word' id='word_1_40' title='bbox 924 1276 993 1342; x_wconf 83' lang='lat' dir='ltr'>ruit</span> <span class='ocrx_word' id='word_1_41' title='bbox 1013 1270 1127 1344; x_wconf 76' lang='lat' dir='ltr'>lilium</span> <span class='ocrx_word' id='word_1_42' title='bbox 1152 1273 1197 1358; x_wconf 65' lang='grc' dir='ltr'>θ’</span> <span class='ocrx_word' id='word_1_43' title='bbox 1218 1279 1336 1368; x_wconf 83' lang='lat' dir='ltr'>ingens</span> 
     </span>
    </p>

    <p class='ocr_par' dir='ltr' id='par_1_5' title="bbox 264 1371 1368 2170">
     <span class='ocr_line' id='line_1_9' title="bbox 322 1371 694 1465; baseline 0 -21"><span class='ocrx_word' id='word_1_44' title='bbox 322 1372 438 1445; x_wconf 80' lang='lat' dir='ltr'><strong><em>Gloria</em></strong></span> <span class='ocrx_word' id='word_1_45' title='bbox 460 1371 694 1465; x_wconf 73' lang='lat' dir='ltr'>Parthenopes.</span> 
     </span>
     <span class='ocr_line' id='line_1_10' title="bbox 265 1477 1337 1596; baseline -0.001 -18"><span class='ocrx_word' id='word_1_46' title='bbox 265 1479 493 1582; x_wconf 69' lang='lat' dir='ltr'>Vistorem&#39;</span> <span class='ocrx_word' id='word_1_47' title='bbox 510 1485 555 1576; x_wconf 87' lang='lat'>&amp;</span> <span class='ocrx_word' id='word_1_48' title='bbox 576 1477 713 1596; x_wconf 80' lang='lat' dir='ltr'>ip‘surn</span> <span class='ocrx_word' id='word_1_49' title='bbox 739 1481 840 1570; x_wconf 90' lang='lat' dir='ltr'>olim</span> <span class='ocrx_word' id='word_1_50' title='bbox 866 1485 987 1575; x_wconf 88' lang='lat' dir='ltr'>bonis</span> <span class='ocrx_word' id='word_1_51' title='bbox 1013 1485 1169 1576; x_wconf 88' lang='lat' dir='ltr'>artibus</span> <span class='ocrx_word' id='word_1_52' title='bbox 1192 1491 1337 1577; x_wconf 87' lang='lat' dir='ltr'>instru-</span> 
     </span>
     <span class='ocr_line' id='line_1_11' title="bbox 266 1597 1341 1714; baseline 0.001 -23"><span class='ocrx_word' id='word_1_53' title='bbox 266 1601 405 1708; x_wconf 70' lang='lat' dir='ltr'>stum,</span> <span class='ocrx_word' id='word_1_54' title='bbox 441 1601 485 1690; x_wconf 74' lang='lat'>81</span> <span class='ocrx_word' id='word_1_55' title='bbox 510 1599 674 1690; x_wconf 79' lang='lat' dir='ltr'>vatibus</span> <span class='ocrx_word' id='word_1_56' title='bbox 698 1597 886 1714; x_wconf 86' lang='lat' dir='ltr'>legendis</span> <span class='ocrx_word' id='word_1_57' title='bbox 903 1599 1125 1707; x_wconf 84' lang='lat' dir='ltr'>affuetum,</span> <span class='ocrx_word' id='word_1_58' title='bbox 1154 1599 1341 1692; x_wconf 83' lang='lat' dir='ltr'>afurore</span> 
     </span>
     <span class='ocr_line' id='line_1_12' title="bbox 268 1713 1340 1832; baseline 0.005 -30"><span class='ocrx_word' id='word_1_59' title='bbox 268 1744 358 1832; x_wconf 89' lang='lat' dir='ltr'>quo</span> <span class='ocrx_word' id='word_1_60' title='bbox 381 1713 531 1802; x_wconf 84' lang='lat' dir='ltr'>arserat</span> <span class='ocrx_word' id='word_1_61' title='bbox 554 1715 600 1802; x_wconf 85' lang='lat' dir='ltr'>iu</span> <span class='ocrx_word' id='word_1_62' title='bbox 625 1735 910 1818; x_wconf 75' lang='lat' dir='ltr'>contumaceS,</span> <span class='ocrx_word' id='word_1_63' title='bbox 942 1721 1107 1817; x_wconf 86' lang='lat' dir='ltr'>avertit,</span> <span class='ocrx_word' id='word_1_64' title='bbox 1138 1718 1188 1804; x_wconf 89' lang='lat' dir='ltr'>ad</span> <span class='ocrx_word' id='word_1_65' title='bbox 1209 1718 1340 1831; x_wconf 87' lang='lat' dir='ltr'>placa·</span> 
     </span>
     <span class='ocr_line' id='line_1_13' title="bbox 266 1827 1342 1946; baseline 0.001 -31"><span class='ocrx_word' id='word_1_66' title='bbox 266 1838 395 1938; x_wconf 78' lang='lat' dir='ltr'>tioros</span> <span class='ocrx_word' id='word_1_67' title='bbox 410 1829 639 1940; x_wconf 83' lang='lat' dir='ltr'>juventutis</span> <span class='ocrx_word' id='word_1_68' title='bbox 655 1829 763 1910; x_wconf 86' lang='lat' dir='ltr'>inter</span> <span class='ocrx_word' id='word_1_69' title='bbox 774 1827 928 1914; x_wconf 78' lang='lat' dir='ltr'>litteras</span> <span class='ocrx_word' id='word_1_70' title='bbox 944 1829 1040 1919; x_wconf 67' lang='lat' dir='ltr'>aiiae</span> <span class='ocrx_word' id='word_1_71' title='bbox 1057 1835 1259 1946; x_wconf 85' lang='lat' dir='ltr'>imagines</span> <span class='ocrx_word' id='word_1_72' title='bbox 1278 1861 1342 1918; x_wconf 85' lang='lat' dir='ltr'>re·</span> 
     </span>
     <span class='ocr_line' id='line_1_14' title="bbox 264 1937 1341 2060; baseline 0.009 -30"><span class='ocrx_word' id='word_1_73' title='bbox 264 1947 453 2046; x_wconf 84' lang='lat' dir='ltr'>vocavit,</span> <span class='ocrx_word' id='word_1_74' title='bbox 482 1965 611 2060; x_wconf 78' lang='lat' dir='ltr'>atquo</span> <span class='ocrx_word' id='word_1_75' title='bbox 632 1937 959 2032; x_wconf 84' lang='lat' dir='ltr'>incolumitatem</span> <span class='ocrx_word' id='word_1_76' title='bbox 981 1945 1024 2032; x_wconf 67' lang='grc' dir='ltr'>ἃ</span> <span class='ocrx_word' id='word_1_77' title='bbox 1047 1943 1118 2031; x_wconf 88' lang='lat' dir='ltr'>fibi</span> <span class='ocrx_word' id='word_1_78' title='bbox 1137 1949 1179 2034; x_wconf 89' lang='lat'>&amp;</span> <span class='ocrx_word' id='word_1_79' title='bbox 1197 1944 1276 2034; x_wconf 89' lang='lat' dir='ltr'>suis</span> <span class='ocrx_word' id='word_1_80' title='bbox 1294 1949 1341 2040; x_wconf 89' lang='lat'>&amp;</span> 
     </span>
     <span class='ocr_line' id='line_1_15' title="bbox 266 2055 1368 2170; baseline 0.002 -21"><span class='ocrx_word' id='word_1_81' title='bbox 266 2058 430 2170; x_wconf 76' lang='lat' dir='ltr'>templo</span> <span class='ocrx_word' id='word_1_82' title='bbox 446 2055 691 2170; x_wconf 80' lang='lat' dir='ltr'>inpetravit.</span> <span class='ocrx_word' id='word_1_83' title='bbox 1363 2081 1368 2088; x_wconf 84' lang='grc'><strong><em>·</em></strong></span> 
     </span>
    </p>

    <p class='ocr_par' dir='ltr' id='par_1_6' title="bbox 225 2167 1344 3200">
     <span class='ocr_line' id='line_1_16' title="bbox 356 2167 1340 2272; baseline 0.009 -19"><span class='ocrx_word' id='word_1_84' title='bbox 356 2173 539 2264; x_wconf 84' lang='lat' dir='ltr'>Miratus</span> <span class='ocrx_word' id='word_1_85' title='bbox 556 2167 665 2272; x_wconf 85' lang='lat' dir='ltr'>sum,</span> <span class='ocrx_word' id='word_1_86' title='bbox 695 2189 780 2260; x_wconf 81' lang='lat' dir='ltr'>tant</span> <span class='ocrx_word' id='word_1_87' title='bbox 805 2167 913 2258; x_wconf 89' lang='lat' dir='ltr'>bene</span> <span class='ocrx_word' id='word_1_88' title='bbox 932 2173 1121 2260; x_wconf 88' lang='lat' dir='ltr'>meritam</span> <span class='ocrx_word' id='word_1_89' title='bbox 1138 2176 1228 2262; x_wconf 92' lang='lat' dir='ltr'>viro</span> <span class='ocrx_word' id='word_1_90' title='bbox 1246 2177 1340 2262; x_wconf 92' lang='lat' dir='ltr'>civi·</span> 
     </span>
     <span class='ocr_line' id='line_1_17' title="bbox 270 2281 1342 2399; baseline 0.006 -25"><span class='ocrx_word' id='word_1_91' title='bbox 270 2313 363 2374; x_wconf 91' lang='lat' dir='ltr'>cam</span> <span class='ocrx_word' id='word_1_92' title='bbox 381 2311 581 2378; x_wconf 81' lang='lat' dir='ltr'>coronam</span> <span class='ocrx_word' id='word_1_93' title='bbox 606 2309 692 2372; x_wconf 88' lang='lat' dir='ltr'>non</span> <span class='ocrx_word' id='word_1_94' title='bbox 710 2281 789 2374; x_wconf 75' lang='lat' dir='ltr'>effe</span> <span class='ocrx_word' id='word_1_95' title='bbox 807 2283 1058 2399; x_wconf 74' lang='lat' dir='ltr'>impositam,</span> <span class='ocrx_word' id='word_1_96' title='bbox 1089 2315 1167 2374; x_wconf 89' lang='lat' dir='ltr'>nec</span> <span class='ocrx_word' id='word_1_97' title='bbox 1182 2293 1342 2380; x_wconf 87' lang='lat' dir='ltr'>civium</span> 
     </span>
     <span class='ocr_line' id='line_1_18' title="bbox 269 2398 1093 2496; baseline -0.008 0"><span class='ocrx_word' id='word_1_98' title='bbox 269 2399 529 2496; x_wconf 79' lang='lat' dir='ltr'>servatorum</span> <span class='ocrx_word' id='word_1_99' title='bbox 544 2402 793 2488; x_wconf 81' lang='lat' dir='ltr'>memoriam</span> <span class='ocrx_word' id='word_1_100' title='bbox 810 2398 984 2486; x_wconf 69' lang='lat' dir='ltr'>sanEiius</span> <span class='ocrx_word' id='word_1_101' title='bbox 1003 2400 1093 2489; x_wconf 90' lang='lat' dir='ltr'>coli.</span> 
     </span>
     <span class='ocr_line' id='line_1_19' title="bbox 274 2509 1341 2630; baseline -0.003 -25"><span class='ocrx_word' id='word_1_102' title='bbox 274 2511 279 2518; x_wconf 77' lang='grc'>’</span> <span class='ocrx_word' id='word_1_103' title='bbox 356 2513 550 2630; x_wconf 77' lang='lat' dir='ltr'>Surripui</span> <span class='ocrx_word' id='word_1_104' title='bbox 577 2539 647 2598; x_wconf 83' lang='lat' dir='ltr'>me</span> <span class='ocrx_word' id='word_1_105' title='bbox 676 2509 798 2602; x_wconf 81' lang='lat' dir='ltr'>celeri</span> <span class='ocrx_word' id='word_1_106' title='bbox 823 2512 936 2630; x_wconf 80' lang='lat' dir='ltr'>paisu</span> <span class='ocrx_word' id='word_1_107' title='bbox 966 2543 987 2600; x_wconf 91' lang='lat' dir='ltr'>a</span> <span class='ocrx_word' id='word_1_108' title='bbox 1017 2515 1128 2602; x_wconf 89' lang='lat' dir='ltr'>Bakii</span> <span class='ocrx_word' id='word_1_109' title='bbox 1159 2515 1341 2622; x_wconf 79' lang='lat' dir='ltr'>tumulo,</span> 
     </span>
     <span class='ocr_line' id='line_1_20' title="bbox 269 2625 1343 2732; baseline 0.002 -14"><span class='ocrx_word' id='word_1_110' title='bbox 269 2655 371 2732; x_wconf 75' lang='lat' dir='ltr'>oum</span> <span class='ocrx_word' id='word_1_111' title='bbox 396 2639 539 2718; x_wconf 78' lang='lat' dir='ltr'>rorum</span> <span class='ocrx_word' id='word_1_112' title='bbox 562 2625 715 2718; x_wconf 85' lang='lat' dir='ltr'>aTillii</span> <span class='ocrx_word' id='word_1_113' title='bbox 736 2625 864 2715; x_wconf 85' lang='lat' dir='ltr'>milite</span> <span class='ocrx_word' id='word_1_114' title='bbox 883 2652 964 2712; x_wconf 93' lang='lat' dir='ltr'>tam</span> <span class='ocrx_word' id='word_1_115' title='bbox 983 2627 1227 2730; x_wconf 86' lang='lat' dir='ltr'>crudeliter,</span> <span class='ocrx_word' id='word_1_116' title='bbox 1259 2653 1343 2720; x_wconf 86' lang='lat' dir='ltr'>tam</span> 
     </span>
     <span class='ocr_line' id='line_1_21' title="bbox 269 2737 1342 2854; baseline -0.003 -19"><span class='ocrx_word' id='word_1_117' title='bbox 269 2741 502 2842; x_wconf 76' lang='lat' dir='ltr'>inhumano</span> <span class='ocrx_word' id='word_1_118' title='bbox 525 2737 710 2830; x_wconf 74' lang='lat' dir='ltr'>attatum</span> <span class='ocrx_word' id='word_1_119' title='bbox 735 2743 876 2852; x_wconf 86' lang='lat' dir='ltr'>imago</span> <span class='ocrx_word' id='word_1_120' title='bbox 900 2739 1102 2841; x_wconf 87' lang='lat' dir='ltr'>vividior,</span> <span class='ocrx_word' id='word_1_121' title='bbox 1141 2767 1267 2854; x_wconf 89' lang='lat' dir='ltr'>quam</span> <span class='ocrx_word' id='word_1_122' title='bbox 1294 2769 1342 2832; x_wconf 91' lang='lat' dir='ltr'>ut</span> 
     </span>
     <span class='ocr_line' id='line_1_22' title="bbox 272 2851 1344 2970; baseline 0.003 -28"><span class='ocrx_word' id='word_1_123' title='bbox 272 2855 470 2968; x_wconf 73' lang='lat' dir='ltr'>sustinere</span> <span class='ocrx_word' id='word_1_124' title='bbox 494 2856 725 2962; x_wconf 82' lang='lat' dir='ltr'>potuerim,</span> <span class='ocrx_word' id='word_1_125' title='bbox 760 2858 888 2943; x_wconf 84' lang='lat' dir='ltr'>menti</span> <span class='ocrx_word' id='word_1_126' title='bbox 915 2851 1189 2970; x_wconf 79' lang='lat' dir='ltr'>objiceretur3</span> <span class='ocrx_word' id='word_1_127' title='bbox 1223 2861 1266 2948; x_wconf 74' lang='grc' dir='ltr'>δι</span> <span class='ocrx_word' id='word_1_128' title='bbox 1290 2860 1344 2952; x_wconf 82' lang='lat' dir='ltr'>ad·</span> 
     </span>
     <span class='ocr_line' id='line_1_23' title="bbox 225 2966 1343 3088; baseline 0.005 -34"><span class='ocrx_word' id='word_1_129' title='bbox 225 3017 228 3024; x_wconf 94' lang='lat'>·</span> <span class='ocrx_word' id='word_1_130' title='bbox 272 2969 349 3064; x_wconf 81' lang='lat' dir='ltr'>alia</span> <span class='ocrx_word' id='word_1_131' title='bbox 373 2971 562 3062; x_wconf 80' lang='lat' dir='ltr'>&#39;animum</span> <span class='ocrx_word' id='word_1_132' title='bbox 586 2970 801 3072; x_wconf 83' lang='lat' dir='ltr'>converti,</span> <span class='ocrx_word' id='word_1_133' title='bbox 839 2994 932 3088; x_wconf 77' lang='lat' dir='ltr'>qua</span> <span class='ocrx_word' id='word_1_134' title='bbox 956 2966 1007 3056; x_wconf 88' lang='lat' dir='ltr'>ad</span> <span class='ocrx_word' id='word_1_135' title='bbox 1029 2966 1196 3058; x_wconf 83' lang='lat' dir='ltr'>Batilicae</span> <span class='ocrx_word' id='word_1_136' title='bbox 1221 2972 1343 3060; x_wconf 82' lang='lat' dir='ltr'>aedifi·</span> 
     </span>
     <span class='ocr_line' id='line_1_24' title="bbox 273 3078 1258 3200; baseline 0.005 -30"><span class='ocrx_word' id='word_1_137' title='bbox 273 3089 410 3186; x_wconf 88' lang='lat' dir='ltr'>cium,</span> <span class='ocrx_word' id='word_1_138' title='bbox 439 3109 486 3173; x_wconf 89' lang='lat' dir='ltr'>ac</span> <span class='ocrx_word' id='word_1_139' title='bbox 507 3078 750 3194; x_wconf 84' lang='lat' dir='ltr'>praeseutem</span> <span class='ocrx_word' id='word_1_140' title='bbox 768 3081 1050 3174; x_wconf 88' lang='lat' dir='ltr'>conditionem</span> <span class='ocrx_word' id='word_1_141' title='bbox 1066 3083 1258 3200; x_wconf 68' lang='lat' dir='ltr'>speiiant.</span> 
     </span>
    </p>

    <p class='ocr_par' dir='ltr' id='par_1_7' title="bbox 271 3191 1398 3880">
     <span class='ocr_line' id='line_1_25' title="bbox 349 3191 1398 3316; baseline 0.002 -30"><span class='ocrx_word' id='word_1_142' title='bbox 349 3194 577 3308; x_wconf 82' lang='lat' dir='ltr'>-Dispiicuit</span> <span class='ocrx_word' id='word_1_143' title='bbox 603 3198 757 3304; x_wconf 74' lang='lat' dir='ltr'>tenuis,</span> <span class='ocrx_word' id='word_1_144' title='bbox 785 3191 864 3282; x_wconf 85' lang='lat' dir='ltr'>loci</span> <span class='ocrx_word' id='word_1_145' title='bbox 887 3194 1026 3298; x_wconf 70' lang='lat' dir='ltr'>sansti,</span> <span class='ocrx_word' id='word_1_146' title='bbox 1059 3198 1220 3316; x_wconf 89' lang='lat' dir='ltr'>populo</span> <span class='ocrx_word' id='word_1_147' title='bbox 1249 3227 1345 3288; x_wconf 89' lang='lat' dir='ltr'>con·</span> <span class='ocrx_word' id='word_1_148' title='bbox 1396 3221 1398 3226; x_wconf 88' lang='grc'><strong><em>·</em></strong></span> 
     </span>
     <span class='ocr_line' id='line_1_26' title="bbox 271 3309 1345 3428; baseline -0.003 -24"><span class='ocrx_word' id='word_1_149' title='bbox 271 3309 492 3412; x_wconf 85' lang='lat' dir='ltr'>vocand0,</span> <span class='ocrx_word' id='word_1_150' title='bbox 531 3310 711 3422; x_wconf 85' lang='lat' dir='ltr'>Deoque</span> <span class='ocrx_word' id='word_1_151' title='bbox 742 3309 918 3400; x_wconf 89' lang='lat' dir='ltr'>colendo</span> <span class='ocrx_word' id='word_1_152' title='bbox 950 3311 1155 3414; x_wconf 85' lang='lat' dir='ltr'>destinati,</span> <span class='ocrx_word' id='word_1_153' title='bbox 1185 3313 1345 3428; x_wconf 86' lang='lat' dir='ltr'>religi0.</span> 
     </span>
     <span class='ocr_line' id='line_1_27' title="bbox 274 3423 1345 3528; baseline -0.007 -8"><span class='ocrx_word' id='word_1_154' title='bbox 274 3425 413 3528; x_wconf 78' lang='lat' dir='ltr'>Servio</span> <span class='ocrx_word' id='word_1_155' title='bbox 429 3425 498 3518; x_wconf 85' lang='lat' dir='ltr'>ille</span> <span class='ocrx_word' id='word_1_156' title='bbox 522 3423 796 3517; x_wconf 85' lang='lat' dir='ltr'>custodiendis</span> <span class='ocrx_word' id='word_1_157' title='bbox 822 3451 933 3510; x_wconf 90' lang='lat' dir='ltr'>nunc</span> <span class='ocrx_word' id='word_1_158' title='bbox 949 3429 1129 3515; x_wconf 87' lang='lat' dir='ltr'>armariis</span> <span class='ocrx_word' id='word_1_159' title='bbox 1147 3453 1345 3517; x_wconf 84' lang='lat' dir='ltr'>mercato·</span> 
     </span>
     <span class='ocr_line' id='line_1_28' title="bbox 275 3537 1346 3648; baseline -0.002 -14"><span class='ocrx_word' id='word_1_160' title='bbox 275 3567 378 3648; x_wconf 83' lang='lat' dir='ltr'>rum</span> <span class='ocrx_word' id='word_1_161' title='bbox 393 3537 445 3630; x_wconf 85' lang='lat' dir='ltr'>ad</span> <span class='ocrx_word' id='word_1_162' title='bbox 462 3538 663 3630; x_wconf 83' lang='lat' dir='ltr'>nundinas</span> <span class='ocrx_word' id='word_1_163' title='bbox 680 3542 1029 3630; x_wconf 87' lang='lat' dir='ltr'>convenientium.</span> <span class='ocrx_word' id='word_1_164' title='bbox 1090 3542 1207 3629; x_wconf 91' lang='lat' dir='ltr'>Sicut</span> <span class='ocrx_word' id='word_1_165' title='bbox 1222 3544 1346 3632; x_wconf 86' lang='lat' dir='ltr'>etiam</span> 
     </span>
     <span class='ocr_line' id='line_1_29' title="bbox 275 3648 1348 3768; baseline -0.004 -20"><span class='ocrx_word' id='word_1_166' title='bbox 275 3652 488 3768; x_wconf 88' lang='lat' dir='ltr'>templum</span> <span class='ocrx_word' id='word_1_167' title='bbox 500 3651 544 3742; x_wconf 89' lang='grc' dir='ltr'>Β,</span> <span class='ocrx_word' id='word_1_168' title='bbox 560 3654 744 3763; x_wconf 81' lang='lat' dir='ltr'>Virginis</span> <span class='ocrx_word' id='word_1_169' title='bbox 761 3679 874 3742; x_wconf 87' lang='lat' dir='ltr'>nunc</span> <span class='ocrx_word' id='word_1_170' title='bbox 889 3648 1026 3744; x_wconf 83' lang='lat' dir='ltr'>farina</span> <span class='ocrx_word' id='word_1_171' title='bbox 1040 3656 1082 3744; x_wconf 90' lang='lat' dir='ltr'>in</span> <span class='ocrx_word' id='word_1_172' title='bbox 1099 3652 1220 3745; x_wconf 87' lang='lat' dir='ltr'>usum</span> <span class='ocrx_word' id='word_1_173' title='bbox 1233 3683 1348 3744; x_wconf 83' lang='lat' dir='ltr'>exer-</span> 
     </span>
     <span class='ocr_line' id='line_1_30' title="bbox 272 3767 790 3880; baseline -0.025 -14"><span class='ocrx_word' id='word_1_174' title='bbox 272 3775 380 3866; x_wconf 86' lang='lat' dir='ltr'>citus</span> <span class='ocrx_word' id='word_1_175' title='bbox 399 3771 703 3880; x_wconf 85' lang='lat' dir='ltr'>promtuarium</span> <span class='ocrx_word' id='word_1_176' title='bbox 722 3767 790 3853; x_wconf 88' lang='lat' dir='ltr'>est.</span> 
     </span>
    </p>

    <p class='ocr_par' dir='ltr' id='par_1_8' title="bbox 277 3878 1350 4197">
     <span class='ocr_line' id='line_1_31' title="bbox 367 3878 1349 3994; baseline -0.002 -26"><span class='ocrx_word' id='word_1_177' title='bbox 367 3883 454 3984; x_wconf 82' lang='lat' dir='ltr'>Ut,¹</span> <span class='ocrx_word' id='word_1_178' title='bbox 472 3901 624 3994; x_wconf 84' lang='lat' dir='ltr'>quanta</span> <span class='ocrx_word' id='word_1_179' title='bbox 643 3879 687 3968; x_wconf 83' lang='lat' dir='ltr'>fit</span> <span class='ocrx_word' id='word_1_180' title='bbox 705 3878 818 3972; x_wconf 78' lang='lat' dir='ltr'>sacrae</span> <span class='ocrx_word' id='word_1_181' title='bbox 834 3879 1005 3972; x_wconf 84' lang='lat' dir='ltr'>Bafilicae</span> <span class='ocrx_word' id='word_1_182' title='bbox 1022 3878 1225 3994; x_wconf 84' lang='lat' dir='ltr'>majestas,</span> <span class='ocrx_word' id='word_1_183' title='bbox 1255 3881 1349 3978; x_wconf 82' lang='lat' dir='ltr'>loco</span> 
     </span>
     <span class='ocr_line' id='line_1_32' title="bbox 277 3994 1350 4197; baseline -0.014 -105"><span class='ocrx_word' id='word_1_184' title='bbox 277 4023 368 4124; x_wconf 72' lang='lat' dir='ltr'>pon</span> <span class='ocrx_word' id='word_1_185' title='bbox 392 3995 478 4092; x_wconf 83' lang='lat' dir='ltr'>aliis</span> <span class='ocrx_word' id='word_1_186' title='bbox 502 4016 743 4116; x_wconf 86' lang='lat' dir='ltr'>opportuno</span> <span class='ocrx_word' id='word_1_187' title='bbox 757 4046 770 4096; x_wconf 90' lang='lat'>‚</span> <span class='ocrx_word' id='word_1_188' title='bbox 802 3998 912 4087; x_wconf 83' lang='lat' dir='ltr'>cerni</span> <span class='ocrx_word' id='word_1_189' title='bbox 936 3995 1077 4116; x_wconf 84' lang='lat' dir='ltr'>poffit,</span> <span class='ocrx_word' id='word_1_190' title='bbox 1107 3994 1230 4088; x_wconf 84' lang='lat' dir='ltr'>velim</span> <span class='ocrx_word' id='word_1_191' title='bbox 1240 3994 1350 4197; x_wconf 54' lang='lat' dir='ltr'>xadi.</span> 
     </span>
    </p>

    <p class='ocr_par' dir='ltr' id='par_1_9' title="bbox 1192 4135 1322 4214">
     <span class='ocr_line' id='line_1_33' title="bbox 1192 4135 1322 4214; baseline -0.008 -14"><span class='ocrx_word' id='word_1_192' title='bbox 1192 4135 1253 4200; x_wconf 68' lang='lat' dir='ltr'>tu</span> <span class='ocrx_word' id='word_1_193' title='bbox 1263 4135 1322 4214; x_wconf 49' lang='lat' dir='ltr'>u„</span> 
     </span>
    </p>
   </div>
   <div class='ocr_carea' id='block_1_3' title="bbox 0 0 1617 4784">
    <p class='ocr_par' dir='ltr' id='par_1_10' title="bbox 0 0 1617 4784">
     <span class='ocr_line' id='line_1_34' title="bbox 0 0 1617 4784; baseline 0 0"><span class='ocrx_word' id='word_1_194' title='bbox 0 0 1617 4784; x_wconf 95' lang='lat' dir='ltr'> </span> 
     </span>
    </p>
   </div>
  </div>
 </body>
</html>
