3200 4784
610 421 763 497 Ltnrrtt
796 433 983 496 arxrua.
1021 401 1023 408 ¹
1264 437 1335 515 ¹07

265 585 412 685 qrrrrdirr
437 595 488 657 rt
501 578 621 656 rents?
659 549 746 655 Hoc
772 577 823 654 est
849 581 998 674 dicere,
1028 583 1099 700 jam
1124 603 1225 654 meum
1250 581 1342 652 deber

258 689 345 783 sequi
379 708 540 768 errorem,
577 689 646 780 jam
685 682 770 753 debas
804 683 936 771 deserere
969 687 1152 759 veritatem.
1216 685 1334 777 Quart-

265 791 319 858 dur
342 805 373 857 te
395 804 502 875 tener,
534 787 608 858 hoc
625 781 675 858 est
691 783 833 871 dicere,
862 787 989 854 imitare
1008 785 1111 880 lapsas
1132 809 1233 874 meos,
1262 789 1334 852 imi-

265 904 336 960 tare
361 889 505 1004 tanfitrrr·
522 902 643 980 turpes.
705 884 863 976 Quamdiu
881 885 989 973 fidelis
1017 881 1211 954 uocatis?
1192 909 1263 982 jam
1284 887 1334 974 fi⁴

217 987 505 1074 demolita,
492 1005 596 1080 pomp
596 987 797 1053 penitentiam
818 983 901 1071 diste
956 983 1036 1055 Vos
1057 982 1137 1056 estis
1160 1005 1249 1056 autu
1252 1005 1332 1079 peS,

264 1087 298 1159 dt
318 1088 367 1157 illl
388 1103 449 1158 aut
466 1086 535 1156 illae
555 1085 634 1156 sunt
652 1103 750 1155 aves.
800 1081 870 1154 Sed
893 1083 972 1172 quia
989 1103 1065 1156 non
1081 1081 1135 1156 est
1148 1102 1256 1158 unum
1272 1106 1333 1157 au·

217 1207 334 1278 .cup
338 1205 394 1256 um
405 1204 532 1280 genua
552 1185 608 1256 alii
623 1183 724 1271 sunt,
743 1183 802 1271 qui
815 1195 890 1254 arte
902 1182 1062 1274 implici,
1074 1184 1153 1256 altis
1167 1183 1332 1256 fundatae

217 1334 219 1362 .
217 1272 475 1358 radicibus
465 1305 501 1358 tn
528 1283 655 1356 faciem
681 1282 838 1352 nemoris
858 1279 999 1354 diffusas
1021 1289 1169 1356 arbores
1190 1297 1344 1375 petunt:

217 1431 219 1450 .
263 1387 325 1458 ubi
351 1405 440 1458 avet
460 1384 607 1480 simplici
632 1381 763 1452 volatu
785 1382 1004 1452 naturalibus
1030 1383 1134 1454 ramis
1160 1382 1333 1458 insidunt.

263 1505 343 1559 non
365 1485 438 1556 illrc
460 1496 692 1556 numerantur
709 1478 879 1570 fraudes,
913 1501 988 1552 non
1008 1477 1198 1554 artificiosa
1217 1483 1344 1557 const·-

262 1584 330 1657 lia:
356 1578 1058 1674 areunaest&solacapiendippritia
1111 1581 1333 1657 lllivoswau

263 1685 349 1774 cupi
368 1683 617 1770 imitatrice,
643 1680 701 1771 qui
722 1677 802 1771 post
818 1676 997 1754 discelsum
1015 1680 1155 1775 noetis,
1182 1699 1265 1758 ante
1281 1687 1333 1758 lu·

240 1787 317 1853 'cis
339 1783 563 1870 adventum,
583 1799 658 1851 non
679 1778 829 1852 aliorum
849 1797 951 1852 more
970 1783 1146 1856 naturales
1169 1785 1268 1857 vadit
1286 1786 1331 1860 ad

265 1883 437 1952 arbores:
462 1880 522 1951 sed
542 1877 614 1972 ipse
638 1879 800 1950 arborem
824 1895 997 1970 portans,
1023 1879 1181 1956 futurum
1201 1907 1328 1960 nemus

264 1976 437 2070 stringit
428 1997 464 2050 tn
486 1977 634 2074 fascem,
661 1978 790 2050 aridam
813 1979 1001 2070 arborem,
1027 1981 1132 2052 nullia
1152 1985 1330 2061 radicibus

261 2075 411 2161 fultam,
446 2065 633 2170 multiplici
658 2077 783 2150 fraude
808 2080 1011 2193 componit.
1073 2078 1140 2154 Cui
1166 2083 1331 2157 adulteri·

262 2195 335 2249 nos
362 2173 483 2248 inserit
502 2195 644 2266 ramos,
681 2178 715 2249 ἃ
742 2196 821 2267 quae
846 2175 956 2250 suas
943 2199 1014 2270 Jam
1041 2179 1173 2255 dudum
1201 2182 1333 2258 succisa

262 2275 488 2368 perdiderat,
510 2277 640 2349 alienas
657 2278 789 2367 accipit
802 2275 964 2353 frondes.
1016 2276 1117 2351 Alias
1137 2303 1222 2354 aves
1237 2286 1332 2354 clau·

263 2373 316 2447 sas
333 2377 506 2465 portatio
522 2397 655 2464 cavea,
680 2372 894 2448 evisceratas
911 2378 993 2448 alias
1011 2379 1053 2449 ad
1069 2379 1255 2472 imaginem
1278 2381 1332 2448 vi·

265 2475 451 2565 veratium,
480 2476 567 2548 olim
589 2472 782 2563 extinclas,
812 2473 996 2546 fallacibus
1018 2478 1143 2562 ramis,
1172 2474 1263 2564 quast
1281 2478 1333 2546 vi·

262 2587 395 2645 ventes
422 2574 589 2664 imponit.
641 2575 732 2646 Aliae
759 2575 874 2644 latent
899 2575 937 2644 in
960 2574 1101 2642 caveis:
1135 2571 1212 2641 aliae
1238 2573 1333 2660 quasa

262 2673 434 2743 viventes
458 2672 632 2746 videntur
655 2673 690 2740 in
713 2671 830 2742 ramis.
883 2670 1050 2759 Jungitur
1069 2687 1138 2738 una
1155 2670 1345 2761 geminata.

260 2771 387 2844 fraude
406 2771 598 2844 calliditas,
621 2768 710 2836 &ut
725 2765 841 2856 decipi
859 2765 1022 2836 vivarum
1038 2767 1238 2839 volantium
1255 2768 1330 2842 sim.

262 2870 404 2965 plicitas
423 2867 549 2958 polilt:
583 2885 669 2954 quas
690 2875 851 2934 mortuas
878 2860 947 2934 elie
973 2863 1134 2955 constat,
1160 2867 1357 2946 videntur·

262 2969 416 3042 tendere
434 2965 529 3034 colla
545 2969 626 3034 cuni
641 2962 817 3041 vocibus,
845 2961 878 3032 dr
899 2973 976 3052 quae'
997 2965 1111 3036 latent
1129 2965 1166 3037 in
1187 2987 1349 3041 carcere·

262 3070 352 3156 suo,
379 3062 473 3154 quast
482 3053 543 3135 de
559 3073 705 3158 gutture
721 3072 869 3133 cantant
890 3064 1021 3135 alieno
1073 3063 1171 3138 lnter
1188 3069 1333 3141 alterius

262 3166 477 3258 imaginem,
509 3163 711 3235 &alterius
737 3179 871 3234 vocem
897 3161 1002 3235 dolus
1030 3184 1122 3237 unus
1147 3183 1331 3260 operatur.

264 3265 429 3355 Captiva
453 3262 581 3334 liberas
608 3261 777 3354 capiunt,
805 3259 1014 3335 &mortua
1039 3266 1210 3337 viventes
1236 3267 1335 3338 occi-

265 3366 367 3437 dunt.
416 3357 526 3432 Tales
543 3358 644 3454 sunt,
661 3379 754 3451 quos
771 3373 833 3430 aut
849 3362 1159 3453 rebaptizatione,
1184 3377 1246 3434 aut
1263 3385 1351 3456 poe·

265 3461 418 3539 nitentia
434 3459 627 3540 sauciastis
653 3479 701 3531 ne
718 3456 783 3529 soli
804 3471 866 3530 aut
883 3458 965 3530 solae
983 3460 1109 3551 perillo
1128 3461 1335 3552 videantur,

265 3565 355 3638 alios
375 3562 436 3632 vel
458 3560 541 3632 alias
562 3555 678 3633 secum
695 3558 836 3653 perite,
862 3578 995 3653 magno
1015 3560 1141 3633 labore
1162 3558 1195 3631 dt
1216 3558 1353 3633 studia

269 3661 507 3739 contendunt.

677 3921 929 3941 &tu-..uun-
