3200 4784
429 430 490 487 oa
517 406 925 523 Donavit-anuas
949 409 1213 497 Haccoanu
1287 430 1360 506 541

289 573 459 670 quoniam
484 596 503 647 a
524 588 628 666 parte
650 572 791 666 vestra,
825 592 902 666 quae
927 575 1049 648 oblata
1072 572 1179 666 sunt,
1214 573 1357 653 constat

289 670 361 748 else
378 677 550 764 recitata,
578 673 721 748 tandem
741 672 1186 769 aliquandoperlegantur.
1285 722 1289 735 .

366 795 446 863 203.
470 777 648 844 Petilionus
662 773 824 875 Episcopus
834 775 1083 847 dixit-”Nemo
1101 772 1174 845 duo
1193 773 1290 869 eligit
1306 773 1353 846 de

284 871 443 945 duobus.
496 870 585 945 Cum
605 893 692 968 ergo
707 873 980 967 proposuerim,
1007 888 1047 943 ut
1064 873 1214 953 alterum
1233 869 1354 968 elegis·

284 968 359 1063 set,
386 973 447 1042 ille
470 969 531 1044 fibi
557 974 663 1045 ambo
691 973 894 1045 evidentius
921 971 1133 1045 vindicavit.
1190 970 1280 1043 Non
1308 971 1352 1043 ti·

284 1091 395 1169 meo,
429 1090 506 1142 non
529 1071 687 1162 recuso,
719 1072 745 1145 s1
768 1073 843 1144 hoc
869 1068 991 1163 potest
1006 1069 1086 1162 ,esse
1109 1071 1350 1165 retinendum.

282 1169 398 1243 Serva
418 1169 503 1242 mihi
524 1172 689 1264 primitus
712 1185 878 1264 tempora
898 1173 1038 1265 legum,
1071 1167 1242 1242 statuatur
1259 1172 1349 1246 dies.

281 1268 515 1360 Respondeat
532 1269 689 1345 officium
707 1271 752 1343 de
766 1272 823 1344 die
839 1269 963 1361 causae,
979 1269 1219 1366 cognoscatur
1232 1269 1347 1360 lapsus

251 1412 263 1436 Ι
282 1367 396 1444 fuisse.
442 1368 538 1442 Hinc
548 1371 689 1461 judica,
710 1370 795 1444 hinc
811 1371 920 1443 debes
937 1369 1033 1442 serre
1049 1367 1270 1443 sententiam.
1310 1365 1349 1441 Si

284 1464 576 1558 quidenl'contra
597 1491 655 1544 me
677 1468 889 1544 sententiam
909 1469 1043 1560 serres,
1069 1467 1207 1541 stsorte
1223 1465 1361 1541 deluis.

281 1566 365 1642 sem.
402 1571 449 1640 Ec
465 1571 531 1639 atio
547 1594 657 1645 manu.
673 1592 675 1597 ·
690 1569 884 1644 Petilianus
899 1567 1099 1663 Episcopus
1117 1565 1211 1641 salva
1229 1566 1348 1661 appel·

279 1668 419 1740 latione
435 1671 650 1765 recognovi.
1114 1740 1117 1749 .
1190 1724 1192 1729 -

334 1788 416 1854 204.
443 1769 634 1863 Augustinus
652 1769 820 1865 Episcopus
832 1766 968 1864 Eccicstae
981 1766 1149 1838 CotImiicae
1169 1767 1276 1838 dixit:
1307 1763 1346 1838 Si

279 1866 339 1938 die
353 1865 625 1959 decimoquinto
641 1881 844 1958 venerunt,
870 1883 912 1938 ut
928 1868 970 1939 ad
988 1879 1152 1955 quartum
1168 1868 1345 1957 decimum

271 1957 538 2058 occurrerent,
573 1987 682 2058 quare
710 1966 844 2041 otlavo
871 1966 1052 2040 Kalendas
1079 1963 1344 2040 constiterunt?

278 2066 328 2136 Ec
344 2066 410 2135 alia
430 2091 535 2140 manu.
562 2065 797 2162 Recognovi..

355 2185 436 2254 205.
466 2167 645 2237 Polliones
670 2165 842 2263 Episcopus
865 2166 975 2236 dixit.-
1011 2165 1102 2255 Non
1127 2160 1343 2258 inquietasti,

276 2262 364 2334 scivi
382 2276 419 2335 te
435 2265 583 2358 lapsum,
609 2265 786 2361 superflue
798 2263 967 2361 ingressus
983 2263 1056 2340 sum
1067 2265 1259 2358 judicium,
1281 2265 1344 2354 qui

274 2366 410 2435 intrare
434 2370 521 2438 non
539 2368 643 2439 debui
670 2365 752 2458 post
778 2367 870 2438 diem
897 2366 980 2455 lapis
1007 2367 1158 2458 negotii.
1204 2367 1249 2434 Et
1274 2368 1370 2435 aliu'

274 2489 382 2538 manu.
416 2463 608 2540 Petilianus
626 2463 825 2560 Episcopus
841 2464 1083 2556 appellatione
1098 2463 1270 2536 incolumi
1287 2483 1343 2536 rc·

275 2584 323 2636 co
350 2584 452 2638 novi.

326 2585 433 2734 g206.
463 2660 656 2755 Auguslinus
683 2660 848 2755 Episcopus
878 2659 1013 2756 Ecdestae
1040 2659 1207 2731 Catholicae
1231 2663 1340 2736 dixit:

274 2762 398 2857 Quare
419 2759 462 2830 acl
489 2758 668 2830 Kalendas
693 2758 728 2832 se
752 2759 911 2851 promifit
933 2758 1139 2835 adfuturum
1168 2759 1237 2834 else
1265 2760 1340 2835 Pri-

273 2856 440 2933 silianus?
468 2857 515 2931 Et
532 2863 598 2929 alio
616 2884 724 2930 manu,
750 2861 984 2955 Recognovi.
1024 2862 1159 2955 Alypius
1175 2861 1339 2958 Episcopus

274 2958 415 3047 Ecclcsae
434 2960 604 3043 catholica
619 2961 719 3033 dixit:
747 2959 832 3031 Hoc
848 2961 935 3051 jube
956 2961 1109 3034 recitari.
1160 2961 1338 3058 Quamvis

270 3055 335 3129 ista
348 3057 523 3130 transatio
540 3059 631 3150 sant,
658 3059 878 3150 quamvind
898 3059 1098 3133 illusionem
1113 3064 1338 3153 populorum
1354 3100 1356 3105 ·

269 3155 333 3229 has
360 3159 507 3231 nebulas
535 3159 671 3248 injiciat
695 3179 775 3250 pars
793 3157 954 3251 diversa,
981 3175 1102 3233 tamen
1121 3161 1227 3233 etlam
1245 3160 1335 3256 hoc,

269 3258 446 3347 petimus,
471 3261 655 3350 praecipias
670 3260 833 3349 recitari,
852 3275 893 3329 ut
905 3258 951 3330 sic
963 3257 1084 3333 saltem
1098 3257 1336 3355 cognoscant,

228 3431 233 3437 ,
268 3375 373 3445 quam
386 3357 612 3449 impudenter
626 3360 700 3430 haec
717 3358 847 3431 iterum
866 3373 1053 3452 repetant,
1074 3379 1151 3449 quae
1161 3360 1233 3450 J'atn
1250 3379 1344 3440 ante.

265 3454 461 3529 transmissa
479 3455 567 3529 sunt.
598 3459 723 3528 Eccita
738 3483 846 3528 manu.
871 3455 1105 3552 Recognovi.

342 3575 425 3647 207.
457 3559 635 3626 Petilianis
657 3557 821 3651 Episcopus
846 3559 950 3625 dixit:
981 3556 1080 3632 Dum
1099 3576 1175 3630 non
1197 3557 1252 3627 vis
1274 3557 1334 3633 de·

262 3652 399 3747 signare
426 3656 575 3728 alterum
604 3657 648 3728 de
672 3658 837 3747 duobus,
874 3660 980 3730 ambo
1005 3664 1142 3739 tenens!
1160 3654 1247 3728 facis
1272 3678 1334 3731 me

266 3750 389 3828 eadein
408 3769 586 3846 repetere.
628 3758 752 3827 Elatia
771 3782 880 3831 manu.
921 3755 1117 3829 Petilianus
1132 3750 1331 3850 Episcopus

265 3853 509 3942 appellatione
524 3856 695 3926 incolumi
714 3857 931 3950 recognovi.

341 3962 420 4033 208.
451 3955 709 4023 ldartunationus
724 3952 888 4049 Episcopus
900 3953 1034 4047 Ecclesia
1048 3954 1213 4027 Catholicis
1225 3958 1331 4029 dixit:

262 4043 389 4133 Sciunt
410 4046 446 4124 se
469 4055 505 4128 in
523 4053 625 4129 causa
638 4046 915 4157 Eccleliaenihil
929 4055 1083 4147 habere,
1107 4055 1330 4219 ideoxmprae

1206 4170 1303 4217 mm
