3200 4784
402 427 461 482 or
487 402 884 493 Donerrsrnnunr
907 376 1157 487 Hrsr'o'nrn.
1193 494 1195 501 ,
1241 434 1314 509 557
1357 436 1386 495 ‘.

246 569 397 645 conium
423 568 681 660 scripturarum
706 565 930 659 divinarum,
957 588 1031 660 quo
1044 572 1216 664 jubentur
1234 578 1315 665 pol·

241 672 314 744 luti
340 668 505 742 emedio
531 664 729 739 sanctorum
754 665 982 741 sacerdotum
1007 670 1189 767 diligentia
1216 672 1313 767 sepa·

244 772 340 860 rari,
367 768 511 841 dicente
534 766 697 839 Domino
721 786 784 858 per
800 765 986 857 Moysem:
1021 774 1232 864 Legitimum,
1257 778 1312 846 in·

244 872 343 961 quit,
369 886 522 937 aternum
543 871 579 935 s'n
592 872 752 961 progenies
768 867 905 961 vestm,
932 870 1073 939 dividere
1088 877 1176 942 inter
1188 872 1312 955 sanstus

243 974 284 1045 σ
297 967 465 1064 profanos,
487 968 770 1040 intermundiis&
788 967 974 1040 immundos.
1027 969 1140 1067 Quod
1156 974 1237 1046 alibi
1249 995 1312 1046 ne.

245 1067 398 1166 glestum
417 1068 455 1138 in
478 1064 630 1160 persona
654 1062 879 1138 sacerdotum
896 1065 1048 1158 Spiritus
1073 1070 1236 1164 increpet
1261 1074 1313 1144 di-

245 1189 355 1242 cens:
391 1167 570 1237 Sacerdotes
595 1170 661 1262 ejus
683 1167 870 1261 repulerunt
890 1168 982 1261 legem
1005 1192 1129 1261 meam,
1158 1172 1311 1267 profane-

203 1320 206 1349 ,
245 1269 323 1341 bant
336 1266 552 1358 snnbsc'mea,
573 1270 662 1338 inter
677 1267 828 1337 mendum
841 1263 882 1341 Ὀ
896 1271 1093 1345 immundum
1105 1294 1173 1345 non
1188 1273 1311 1342 divisse·

202 1354 208 1460 ξ
244 1369 345 1454 bant,
370 1368 409 1443 U
424 1371 513 1437 s‘nter
522 1363 669 1455 sensium
686 1367 726 1442 (5
738 1368 893 1460 pollutum
914 1391 980 1437 non
996 1368 1192 1463 [sperabant.
1248 1371 1310 1446 Ad

201 1515 208 1567 ι
244 1469 338 1542 hanc
355 1468 561 1560 parabolam
579 1464 666 1538 illud
693 1485 840 1556 quoque
864 1464 1054 1552 adversarii
1080 1467 1309 1564 subjungunt,

201 1618 208 1663 ,
244 1569 365 1662 paleas
382 1586 464 1639 cum
477 1565 664 1640 frumentis
682 1564 815 1638 debere
832 1565 930 1659 srrnul
947 1567 982 1666 in
998 1564 1156 1642 Ecclesia
1172 1592 1309 1662 perma-

201 1720 210 1766 ,
243 1676 342 1740 nere.
395 1663 509 1764 Quod
524 1664 694 1760 Jeremias
711 1665 911 1758 repercutit
932 1666 1073 1741 dicens:
1105 1671 1195 1763 Quid
1208 1677 1310 1766 paleis

205 1795 210 1864 3
246 1769 286 1837 cd
299 1759 529 1855 frumentum?
554 1763 730 1837 &Paulus
746 1764 966 1857 Apostolus:
998 1768 1078 1861 Qua
1091 1775 1250 1863 particule
1268 1772 1309 1868 ess

201 1920 207 1941 .
238 1868 333 1958 fldebs'
349 1891 416 1935 eum
428 1867 570 1956 infideli,
596 1876 655 1935 urst
671 1890 739 1961 quae
753 1870 926 1934 communie
939 1866 1003 1935 suci
1016 1870 1056 1937 ad
1071 1871 1222 1942 tenebras.
1258 1870 1308 1946 Et

201 1952 208 2067 j
244 1967 446 2039 Salomont·
469 1969 508 2034 Sr'
520 1963 758 2034 communicabit
773 1965 866 2060 lupus
885 1990 964 2058 agno
979 1967 1229 2068 aliquando‚·fic
1241 1994 1308 2066 pec.

201 2100 207 2163 p
243 2083 332 2138 cerer
344 2066 434 2163 juste.
487 2063 600 2136 Pisces
617 2066 723 2137 etiam
738 2065 860 2136 bonos
879 2063 912 2136 ἀ
928 2067 1042 2141 malos
1057 2086 1134 2142 nno
1150 2074 1308 2145 reticulo

201 2216 206 2245 ,,
243 2187 359 2256 nsque
383 2165 426 2237 ad
448 2164 557 2254 litus,
593 2162 723 2253 idest,
753 2162 869 2254 justos
897 2164 930 2237 ἃ
958 2164 1108 2257 iniustos
1133 2175 1309 2267 usquein

242 2263 354 2339 finem
380 2262 486 2336 seculi
512 2265 609 2337 simul
634 2264 815 2335 contineri
837 2263 1051 2355 &protrahi
1069 2267 1308 2360 confirmant3

244 2384 321 2439 non
342 2366 523 2437 intuentes
551 2365 625 2437 hoc
652 2363 696 2436 de
718 2366 787 2451 rejs
813 2365 1006 2436 latentibus
1032 2364 1186 2460 ninum,
1220 2390 1311 2456 quo·

242 2466 338 2539 niam
352 2467 541 2535 reticulum
557 2466 594 2535 in
612 2463 699 2535 mari
715 2462 869 2551 positum
887 2463 970 2550 quid
987 2461 1138 2564 habeat,
1166 2487 1185 2537 a
1200 2467 1309 2557 pisca·

243 2567 411 2652 toribus,
437 2561 559 2646 idest,
586 2560 1085 2654 asacerdotibusignoratur,
1111 2564 1231 2636 donec
1249 2588 1311 2639 ex·

242 2662 395 2733 tretium
416 2663 459 2730 ad
478 2662 561 2729 litus
585 2658 627 2728 ad
650 2661 900 2750 purgationem
924 2659 1012 2731 boni
1038 2657 1098 2732 seu
1119 2665 1201 2735 mali
1224 2686 1309 2757 pro·

244 2762 386 2834 dantur.
445 2758 500 2830 lta
519 2757 550 2827 ἃ
569 2758 723 2828 latentes
750 2758 782 2828 br
806 2759 841 2828 in
863 2754 1020 2831 Ecclesia
1038 2759 1245 2855 constituti,
1274 2766 1309 2837 st

245 2880 267 2933 a
297 2856 540 2929 sacerdotibus
577 2857 760 2949 ignorati,
796 2856 833 2928 in
858 2855 985 2928 divino
1005 2857 1143 2949 judicio
1172 2866 1309 2955 proditi

244 2975 414 3049 tanquam
434 2955 546 3050 pisces
568 2957 648 3027 mali
671 2976 690 3026 a
714 2953 912 3029 sanctorum
937 2955 1125 3032 consortio
1143 2960 1310 3055 'separan-

242 3074 324 3149 tur,
345 3057 434 3130 ficut
449 3056 625 3129 Dominus
645 3057 680 3127 in
696 3049 898 3149 Evangelio
916 3054 959 3128 de
980 3058 1117 3131 intente
1132 3081 1218 3150 reo,
1247 3066 1309 3155 qni

242 3158 591 3252 perobreptionem
616 3155 821 3226 sacerdotes
842 3153 1042 3249 fefellerat,
1073 3160 1139 3251 per
1159 3154 1310 3256 figuram

244 3259 407 3346 loquitur
433 3255 573 3347 dicens:
617 3259 773 3341 latrans,
799 3254 939 3345 inquit,
968 3260 1038 3327 Rex
1059 3261 1167 3330 videre
1192 3288 1309 3334 recum·

243 3357 372 3441 beuter,
406 3359 493 3424 vidit
525 3357 593 3424 illic
625 3357 781 3423 bominem
808 3378 874 3423 non
898 3354 1064 3426 habentem
1087 3360 1309 3454 vestimentum

243 3455 406 3550 nuptiale,
440 3453 479 3528 (5
499 3461 549 3524 or't
570 3455 644 3523 illi.-
677 3460 797 3540 amice,
822 3458 975 3552 quomode
994 3459 1056 3525 berse
1075 3457 1215 3554 venisti?
1253 3465 1308 3535 ille

242 3572 349 3628 nutem
369 3555 546 3642 obmutuit,
578 3554 614 3628 ss
640 3557 726 3623 dixis
747 3558 821 3623 Rex
842 3556 994 3651 ministris
1009 3558 1095 3643 suite
1120 3559 1245 3650 cesseris
1268 3566 1309 3634 il·

242 3658 309 3728 lum
321 3655 447 3752 pedibus
462 3656 500 3730 θ
517 3657 679 3740 messibus,
705 3655 744 3725 (Ἰ
763 3661 887 3724 mittite
899 3657 988 3723 illum
1007 3662 1043 3724 in
1061 3660 1206 3728 tenebras
1225 3681 1309 3734 exte·

243 3760 366 3829 riores:
391 3756 459 3824 illis
479 3760 541 3826 erit
556 3759 693 3852 ploretis
711 3754 749 3827 (⁸5
760 3755 879 3850 strider
898 3759 1052 3829 dentium.
1103 3757 1309 3836 secundum

241 3855 334 3926 hanc
346 3856 454 3950 igitur
471 3857 649 3927 rationem
662 3852 788 3925 frustra
805 3856 993 3941 dixerunt,
1020 3857 1138 3931 bonos
1154 3877 1307 3952 propter

241 3953 358 4027 malos
383 3953 800 4049 sacrilega‘separatione
828 3964 906 4026 non
934 3951 1069 4046 deseri,
1103 3956 1161 4029 sed
1190 3964 1306 4033 malos

242 4065 397 4147 propter
426 4058 547 4131 bonos
581 4056 640 4153 pit
665 4054 805 4137 unitate
831 4054 1006 4144 tolerari3
1048 4075 1130 4134 curn
1156 4074 1308 4223 propter

1201 4173 1279 4220 'em
