3200 4784
509 420 716 498 -Lrsan
747 405 991 497 anastatus.
1098 496 1101 506 ,
1243 439 1316 517 115

237 583 320 664 anui
343 581 477 660 facere.
531 582 655 658 Vobis
680 578 884 655 absentibus
910 580 935 655 n
958 574 1201 674 conficimus,
1233 603 1311 662 non
1342 614 1354 628 ·

242 688 518 777 corrumpimus.
540 693 543 698 ’
570 683 606 755 Si
628 682 913 773 corrumpimus,
941 682 1017 772 quis
1036 691 1119 753 ante
1134 703 1204 755 nos
1223 704 1311 758 con·
1402 770 1404 774 ¹

238 779 487 874 feceratqnod
499 778 842 873 corrumperemus?
869 784 991 878 Quare
1009 802 1056 854 ne
1076 799 1181 856 vacet
1197 781 1307 858 didio
1337 863 1339 868 ,

238 884 432 980 prophetae
451 881 497 980 (ss
514 882 564 954 ita
584 881 656 977 est)
677 882 868 974 intelligite
890 884 971 970 quia
989 901 1060 952 vos
1081 879 1162 954 estis
1183 883 1310 959 musuae
1363 891 1365 896 ’

238 985 438 1060 moriture.
490 982 573 1055 Vos
590 983 683 1054 enirn
698 978 955 1052 exterminastis
974 1000 1050 1052 non
1067 982 1165 1071 quod
1187 1001 1311 1061 natum
1395 1027 1401 1036 ,

238 1082 319 1170 cst,
343 1080 407 1156 sed
431 1081 530 1174 quod
555 1079 759 1153 confectum
780 1077 855 1172 est,
889 1077 1039 1152 suavitas
1060 1081 1160 1154 enim
1181 1083 1311 1175 legitur

237 1203 321 1258 non
346 1197 474 1256 natura
499 1179 597 1272 poiie
624 1179 820 1268 corrumpi.
881 1174 1012 1250 Oleum
1038 1182 1133 1254 enim
1162 1179 1310 1274 fimplex

238 1281 312 1366 est,
340 1282 527 1354 &nomen
546 1280 645 1362 suum
672 1298 781 1351 unum
805 1276 1041 1370 &proprium
1067 1281 1195 1354 habet:
1221 1302 1311 1356 con.

238 1377 376 1458 setium
389 1382 460 1473 jam
475 1379 621 1454 chrisma
639 1389 809 1467 vocatur,
828 1377 864 1448 in
881 1397 954 1467 quo
972 1376 1023 1450 est
1037 1377 1211 1474 suavitas,
1230 1402 1309 1474 quse

238 1495 364 1556 cutem
389 1478 616 1555 conscientie
637 1478 777 1568 mollit,
811 1474 952 1550 exclusa
980 1478 1110 1554 duritia
1137 1495 1310 1571 peccato·

237 1601 342 1655 rum:
375 1601 454 1671 quae
474 1583 630 1652 animum
654 1578 811 1650 innovat
829 1578 965 1650 lenem:
1000 1597 1077 1669 quae
1097 1576 1213 1653 sedem
1231 1579 1311 1675 Spi·
1376 1640 1380 1648 ,

237 1681 328 1752 ritui
350 1677 480 1754 Sancto
503 1689 627 1770 parat,
658 1691 700 1748 ut
722 1677 894 1749 invitatus
917 1677 1010 1763 illic,
1038 1677 1227 1771 asperitate
1253 1680 1311 1756 fu·

234 1795 343 1875 gata,
368 1780 523 1852 libenter
532 1774 739 1866 inhabitare
753 1773 929 1870 dignetur.
980 1776 1069 1848 elec
1086 1777 1137 1850 est
1153 1778 1309 1853 suavitas

237 1879 340 1967 olei,
367 1872 771 1966 quampoisuntmuscae
784 1874 968 1947 moriture
984 1893 1227 1970 corrumpere.
1266 1879 1310 1956 vSi

236 1994 311 2051 nos
332 1976 648 2049 exterminaremus
672 1995 692 2046 a
713 1975 820 2050 vobis
838 1971 1042 2048 coniectum
1064 1977 1208 2069 oleum3
1234 2000 1310 2054 rne-

237 2076 316 2148 rito
330 2095 398 2150 nos
413 2071 548 2172 muscas
562 2076 753 2149 morituras
766 2075 947 2166 appellare
961 2073 1130 2166 poisetis:
1153 2076 1210 2152 sed
1224 2080 1311 2156 dum

237 2165 342 2266 iiuod
359 2195 378 2247 a
394 2174 503 2246 vobis
517 2171 660 2248 unctum
674 2171 745 2266 est,
772 2175 844 2246 tale
859 2171 1060 2266 servamus,
1088 2179 1194 2269 quale
1208 2175 1311 2252 susci·

239 2274 377 2369 pimus:
397 2270 524 2348 musca
539 2275 723 2347 morituro
737 2271 809 2347 effe
824 2293 899 2346 non
915 2272 1108 2366 poisumus.
1135 2275 1207 2349 Sed
1223 2279 1309 2353 dum
1394 2285 1396 2290 ’

240 2393 313 2445 vos
337 2371 483 2446 invidiae
507 2371 777 2466 tempestatibus
801 2372 964 2466 impulfi,
1000 2375 1092 2464 quast
1121 2375 1158 2447 in
1186 2378 1310 2453 oleum
1390 2449 1392 2466 ,

240 2471 390 2560 caditis;
426 2493 496 2545 vos
519 2474 765 2547 exterminatis
790 2473 828 2546 in
852 2474 1139 2564 rebaptizatione
1158 2473 1311 2550 suavita-

239 2584 316 2645 tem
336 2571 408 2645 olei
428 2573 521 2646 illius
542 2574 639 2663 quod
660 2575 696 2648 in
713 2574 863 2646 nornine
879 2570 1005 2644 Christi
1021 2570 1225 2648 confectum
1242 2572 1307 2669 est,

238 2669 337 2745 unde
357 2671 593 2744 condirentur
612 2677 752 2745 mor'ess
786 2669 883 2743 unde
906 2670 1164 2742 accenderetur
1185 2675 1310 2760 lumen

237 2771 392 2862 mentis,
420 2769 463 2862 ad
484 2768 668 2843 salutarem
690 2769 863 2843 &veram
882 2768 1165 2864 intelligentiam.
1226 2774 1309 2848 Vos

239 2869 579 2948 exterminatis-rem
595 2869 656 2941 ubi
674 2870 794 2942 oleum
806 2866 1092 2947 fuitusuavitas.
1119 2868 1202 2944 Nos
1218 2892 1311 2965 quo·

239 2970 355 3045 mode
376 2968 560 3061 potuimus
578 2987 820 3064 corrumpere
845 2966 1083 3061 suavitatem,
1122 2990 1200 3061 qua
1223 2985 1309 3048 ante

238 3089 311 3143 nos
338 3091 357 3141 a
381 3068 484 3143 nulio
511 3065 677 3141 confeiia
702 3066 779 3142 est?
820 3066 1021 3143 Seduxistis-
1038 3069 1222 3144 homines:
1255 3092 1310 3145 re·

238 3168 465 3259 baptizastis:
490 3169 621 3242 iterum
640 3166 797 3243 unxistis.
857 3167 955 3242 Proh
977 3168 1106 3243 dolor!
1139 3190 1215 3243 non
1234 3169 1309 3246 fine

237 3281 361 3358 morte
381 3264 524 3359 vestra,
551 3267 810 3344 exterminastis
831 3268 930 3361 quod
948 3266 1067 3342 fuerat
1094 3268 1138 3341 de
1160 3272 1310 3360 nomine

218 3363 371 3468 'Christi
389 3363 614 3459 confertum,
646 3388 750 3442 more
767 3367 989 3463 muscarum,
1016 3389 1093 3460 quae
1111 3384 1308 3461 pereuntes

239 3463 502 3538 exterminante
527 3466 610 3555 quia
625 3487 724 3539 mors
739 3465 791 3540 est
803 3480 1014 3559 pecc-atum,
1042 3467 1141 3557 quod
1157 3487 1232 3539 non
1247 3468 1309 3538 ha-

239 3566 304 3638 bet
320 3563 586 3659 indulgentiam.
637 3564 817 3659 Scriptum
834 3564 905 3657 est,
933 3565 1033 3657 quia,
1058 3570 1116 3662 qui
1129 3570 1309 3660 peccaverit

241 3668 282 3736 t'u
304 3667 465 3759 Spiritum
483 3659 666 3750 Samium,
692 3691 759 3737 non
782 3670 966 3735 remittetur
989 3668 1041 3752 ei,
1067 3687 1124 3736 ner
1143 3665 1308 3756 hirsute

239 3767 279 3835 in
295 3764 416 3856 futuro
430 3763 541 3854 saulo.
599 3759 700 3859 Ergo
724 3785 806 3839 cum
831 3764 864 3835 dt
885 3762 974 3837 falso
994 3783 1063 3837 nos
1087 3762 1223 3837 muscas
1248 3783 1310 3858 ap·

237 3865 402 3958 pell-etis,
428 3862 597 3938 &omnia
618 3881 695 3953 quae
715 3885 735 3936 a
752 3864 861 3957 nobis
876 3860 988 3952 fiunt,
1015 3861 1209 3936 diffolvere
1222 3883 1309 3958 pro·

235 3964 372 4058 petetis
384 3999 401 4057 ,·
431 3962 468 4036 di
487 3983 558 4038 nos
579 3963 871 4042 contemnendos
894 3974 957 4035 aut
975 3959 1214 4055 dispiciendos
1233 3961 1307 4036 effe
1349 4012 1353 4019 ·

238 4051 365 4142 dicitis
372 4115 386 4160 ,
403 4063 513 4142 vobis
528 4061 613 4142 iulis
627 4060 847 4241 studitatleim
861 4059 1107 4166 vindicantes:
1131 4066 1309 4177 innocen·
1332 4157 1337 4167 ἱ
