3200 4784
560 385 705 454 222
982 407 995 418 -
1064 361 1726 460 Monummwa
1775 363 2206 450 varena,

564 523 801 598 eunde
830 522 1187 617 proferre,
1214 537 1478 616 utpote
1508 525 1627 615 qui
1659 543 1813 599 non
1845 523 2228 600 vindiciam
2266 524 2359 600 de
2393 525 2717 602 inimicis

567 624 971 700 studeamus
1009 619 1499 719 exigere‚‘sed
1537 623 1951 698 miserorum
1991 628 2255 700 animas
2292 627 2380 700 de
2411 629 2571 721 lupi
2612 647 2720 701 ra·

564 711 762 819 pa'cis
813 724 1134 822 faucibus
1174 724 1240 795 &
1279 725 1368 795 d'e
1408 721 1559 816 ipso
1590 725 1732 814 jam
1773 747 1960 818 pene
1999 727 2332 798 draconis
2366 747 2503 799 ore
2538 728 2718 802 libe-

563 846 743 897 rare.
861 822 1159 899 Poterat
1200 823 1418 917 igitur
1467 823 1846 915 disciplinae
1887 823 2200 898 salutaris
2242 824 2550 899 eversor
2599 849 2716 900 ca·
2775 875 2778 882 -

564 924 874 998 stitatem
916 917 1081 995 fidei
1113 925 1405 994 unitatis
1446 926 1816 995 vocabulo
1863 926 2179 1016 violare,
2233 926 2303 997 id
2342 924 2497 1016 est,
2557 929 2715 999 uni-

565 1037 789 1096 tatem
824 1020 1037 1115 ipsam
1088 1021 1211 1094 sibi
1259 1041 1407 1093 non
1451 1020 1616 1094 Deo
1665 1043 1954 1117 cogere.
2061 1025 2286 1123 Quod
2323 1044 2569 1115 neque
2604 1046 2714 1100 re·

447 1133 452 1138 ’
558 1123 803 1196 fiores
845 1122 1054 1211 hujus
1099 1121 1341 1193 mundi
1386 1122 1449 1192 ἃ
1484 1123 1729 1194 harum
1770 1125 2225 1196 tenebrarum
2259 1119 2409 1195 fieri
2450 1128 2713 1217 praeci·

562 1215 907 1318 pieban't‚
952 1225 1059 1290 ‘ut
1094 1218 1212 1313 id,
1261 1221 1458 1311 quod
1481 1221 1913 1312 jubebatw,
1969 1223 2177 1313 quale
2210 1222 2489 1311 fuiss'et,
2549 1245 2712 1319 per·

562 1323 737 1398 soma
795 1321 1272 1416 praecipientis
1324 1320 1694 1395 indicaret.
1821 1326 2003 1417 Quae
2063 1322 2130 1393 &
2183 1337 2448 1414 quanta
2512 1327 2714 1398 inter

562 1424 721 1496 haec
765 1421 954 1493 edita
1002 1417 1334 1496 Ecclefiae
1366 1419 1505 1493 Dei
1552 1419 1619 1491 ἂ
1653 1418 1905 1493 Christi
1950 1421 2259 1516 gloriosa
2307 1418 2708 1515 exerhpla?

565 1541 725 1611 quae
752 1516 1163 1593 Christianae
1203 1518 1653 1612 profeffionis
1690 1518 1927 1614 signa?
1995 1521 2205 1592 exilia
2241 1517 2453 1612 quae?
2505 1544 2711 1602 verae

560 1616 731 1694 fidei
778 1621 842 1690 δι
880 1621 1172 1714 integrae
1212 1620 1633 1698 devotionis
1679 1620 1940 1693 indicia
1980 1623 2385 1713 publicata,
2442 1627 2709 1711 quibus

563 1705 798 1815 pafam
842 1715 1040 1791 fastis
1085 1719 1353 1791 nullum
1403 1720 1648 1809 potuit
1697 1720 1964 1792 veritas
2016 1718 2337 1810 latuifl'e‚
2406 1722 2532 1794 nifi
2585 1723 2707 1813 qui

480 1875 484 1880 .
563 1832 825 1891 contra
873 1818 1060 1890 suam
1117 1818 1630 1891 conscientiam
1682 1818 2063 1892 secundum
2117 1818 2499 1910 Prophetae
2553 1821 2711 1896 sen·

561 1921 861 1991 tentiam
893 1915 1083 2010 spem
1119 1916 1305 1989 suam
1341 1918 1414 1989 in
1451 1919 1828 1991 mendacio
1861 1938 2139 2011 ponere
2177 1918 2606 2010 destinasset.

715 2021 783 2091 6.
841 2015 957 2087 Ad
985 2016 1232 2089 ultima
1259 2019 1632 2090 veniamus
1663 2019 1817 2098 illa,
1853 2039 2008 2109 quae
2038 2015 2539 2092 deficientibus
2574 2020 2706 2093 fal-

560 2117 763 2190 laciis
796 2115 862 2188 ἃ
893 2115 1203 2209 fatiga-tis
1243 2116 1638 2202 insidiarum
1673 2118 2261 2191 machinamentis
2299 2119 2373 2189 in
2410 2136 2702 2210 apertas

558 2218 787 2291 minas
829 2213 1371 2305 manifestasque
1400 2215 1614 2288 furias
1660 2232 2075 2308 eruperunt.
2183 2216 2355 2289 Erat
2388 2233 2564 2289 tunc
2597 2221 2704 2290 vi·

560 2315 736 2390 dere
786 2317 1088 2390 militum
1127 2334 1375 2386 manus
1415 2312 1881 2389 Traditorum
1939 2316 2136 2387 furiis
2184 2316 2702 2411 ministranteS‚

486 2486 494 2492 ,
561 2437 717 2518 qupe
763 2418 847 2487 ad
898 2416 1453 2507 perpetrandum
1500 2417 1678 2487 tanti
1727 2414 2068 2487 facinoris
2123 2435 2307 2509 opus
2349 2438 2705 2491 memora-

508 2526 525 2541 ·
556 2528 804 2587 torum
848 2513 1182 2587 mercede
1225 2512 1597 2586 conducite
1645 2511 1843 2587 sunt:
1913 2515 2462 2587 circumstabant
2498 2518 2701 2589 deni-

561 2612 1236 2709 que‘diligentiffirna
1256 2613 1702 2706 curiositate,
1725 2612 2175 2708 inspicientes
2213 2635 2304 2687 ne
2339 2614 2512 2706 quid
2546 2619 2696 2690 illic

556 2717 797 2788 mitius
853 2732 1102 2808 gerere
1149 2714 1551 2785 crudelitati
1598 2719 2054 2788 mercenariae
2106 2712 2409 2786 licuiss'et
2438 2769 2461 2805 .,
2534 2738 2694 2806 quae
