3200 4784
532 445 686 523 «244
1052 415 1694 493 Monumnnra
1742 375 2150 497 vit-rnna—

540 588 639 663 fic
689 591 1005 656 coronae·
1029 579 1240 653 radiis
1289 580 1640 673 plurimos
1667 581 2027 655 inhaerere
2077 567 2364 657 viderat
2403 584 2700 682 vultus,

540 687 639 763 fic
676 680 966 780 pastioni
1019 682 1169 771 ejus
1216 678 1587 753 universus
1638 684 1950 773 populus
1999 681 2236 756 fuerat
2283 689 2698 763 excubatu-

541 807 713 858 rus:
764 783 856 856 iic
892 781 1181 851 volavit
1214 780 1299 851 ad
1331 781 1629 867 coelum,
1683 780 1860 851 ficut
1890 799 2206 874 propere
2240 788 2509 868 meruit
2541 789 2696 862 adi-

540 883 713 981 pisci
763 881 1204 971 martyrium.
1309 879 1479 951 Hoc
1513 877 1736 952 solum
1774 882 1984 971 plane
2012 883 2102 954 de
2138 878 2335 955 dic'tis
2367 886 2528 976 ejus
2568 889 2694 963 ad-

539 987 688 1063 huc
730 1003 957 1071 usque
1000 975 1322 1051 restitiss'e
1364 976 1826 1073 cognoscitur
1851 1031 1876 1073 ,
1950 982 2146 1071 quod
2188 984 2463 1057 mundo
2511 1005 2689 1080 pro·

541 1083 875 1183 phetavit
914 1080 1324 1170 interitum,
1382 1078 1578 1169 quod
1621 1097 1830 1171 eum,
1875 1098 2138 1153 omnes
2174 1081 2518 1173 fiquidem
2562 1085 2690 1160 sci-

541 1206 699 1262 mus
741 1201 893 1254 non
941 1176 1141 1250 fuiss'e
1186 1179 1609 1270 mentitum,
1678 1178 1925 1266 aliquis
1971 1178 2261 1253 fortasse
2307 1181 2399 1256 de
2441 1184 2685 1260 fratri-

536 1277 676 1362 ‘bus
713 1275 1182 1372 expavescat,
1225 1277 1293 1348 δι
1330 1277 1842 1351 Maximianum
1872 1278 2211 1372 imparem
2238 1277 2470 1375 dicat,
2513 1289 2685 1376 quia

541 1383 953 1478 quia¹prior
998 1375 1402 1468 confess'us,
1451 1374 1798 1469 superstes
1846 1378 1947 1450 est
1992 1380 2283 1468 modico
2337 1395 2684 1479 tempore

540 1479 972 1558 reservatus.
1102 1476 1366 1568 Absit,
1434 1475 1771 1566 Fratres,
1839 1491 1920 1548 ut
1972 1478 2437 1575 dividantur,
2509 1487 2681 1577 quia‘

536 1581 787 1674 aequaii
835 1577 1088 1668 proelio
1136 1590 1678 1670 pugnaverunt:
1729 1595 1894 1648 nam
1938 1575 2153 1670 fi,·per
2197 1579 2510 1654 diversas
2546 1587 2681 1658 ho-

536 1705 652 1757 ras
697 1680 1078 1750 venientes
1116 1675 1199 1746 ad
1238 1676 1516 1748 vineam
1549 1675 1913 1748 Dominus
1956 1676 2045 1747 de
2076 1676 2286 1769 pasto
2317 1684 2677 1759 mercedis

538 1779 895 1873 aequavit,
952 1773 1325 1866 quomodo
1365 1773 1670 1867 dispares
1705 1774 2017 1868 Judicat,
2073 1797 2255 1867 quos
2296 1800 2450 1852 uno
2491 1796 2676 1857 tem-

533 1902 724 1977 pore
760 1878 1170 1964 laborantes
1204 1872 1545 1946 invenit?
1598 1873 1738 1946 Sed
1776 1874 1969 1965 quod
2005 1874 2193 1947 Isaac
2228 1882 2432 1971 prior
2464 1884 2677 1957 vide-

438 1989 443 2008 *
516 1998 656 2062 ,tur
699 1974 1051 2051 excedere
1079 2027 1103 2062 ,
1175 1972 1342 2046 inde
1387 1974 1601 2067 magis
1650 1993 1779 2045 eos
1821 1975 1986 2045 dico
2028 1975 2424 2054 Dominum
2467 1979 2674 2056 c'om·

367 2174 377 2190 .
424 2141 431 2148 .
510 2067 844 2176 'parasset
912 2088 993 2148 ut
1039 2074 1214 2149 sicut
1253 2074 1372 2145 ille
1416 2074 1585 2145 huic
1615 2071 2081 2147 'confeffionis
2120 2075 2674 2159 incitamentum

531 2175 995 2274 suggesserat,
1046 2172 1141 2246 sic
1176 2193 1337 2246 eum
1377 2173 1443 2245 δι
1475 2172 1593 2245 hic
1632 2187 2078 2267 provocaret
2117 2176 2383 2266 pariter
2415 2182 2503 2251 ad
2543 2201 2669 2253 co-

529 2299 810 2353 ronam.
927 2275 1211 2348 Ambos
1260 2272 1504 2344 voluit
1548 2271 1906 2346 Dominus
1962 2272 2238 2358 fibimet
2285 2274 2674 2369 ipsos'ess'e

526 2373 935 2458 Doctores,
971 2387 1053 2445 ut
1080 2373 1169 2445 de
1200 2370 1672 2447 viciffitudine
1698 2371 2115 2445 documenti
2142 2374 2413 2448 fecisset
2435 2399 2671 2470 aequa-

527 2484 634 2554 les
665 2532 689 2569 ,
757 2500 848 2550 ne
900 2493 1084 2547 unus
1135 2472 1209 2545 in
1263 2473 1596 2547 omnibus
1651 2472 2160 2567 antecederet,
2197 2474 2299 2566 x&
2348 2496 2533 2549 unus
2593 2483 2670 2556 in

531 2579 866 2655 omnibus
915 2573 1288 2646 videretur
1336 2569 1407 2647 se·
1456 2569 1607 2665 ipse
1651 2569 2084 2665 sequentem.
2203 2572 2430 2648 Nunc
2474 2597 2664 2654 vero

508 2681 748 2753 ‘ambo
789 2676 858 2749 se
906 2678 1221 2748 invicem
1262 2670 1805 2766 praecess'erunt,
1871 2671 1939 2744 δι
1979 2673 2191 2746 ambo
2233 2672 2663 2755 seinvicem
