3200 4784
305 446 376 527 532
558 400 1130 551 Mouuueudu'veeanu
1236 508 1243 519 ,

386 608 469 683 177.
496 580 777 657 Marcesinusuir
789 582 978 675 diorisfimur
992 588 1227 667 Tribunus&
1236 594 1379 667 Notarius

308 691 417 760 dixis:
443 685 605 759 Libellus
622 685 761 756 dacusa
778 685 885 757 vobis
902 686 1092 761 evidenter
1108 688 1285 767 ostendit
1296 695 1379 769 sclris

299 790 410 869 ¹matis
437 781 672 861 &hereseos
702 784 839 857 crimen
866 783 1068 880 objeilum,
1102 793 1216 882 quod
1242 796 1377 887 proban

308 907 380 962 vos
397 884 586 958 convenit.

304 1068 308 1080 Ι
388 995 468 1077 178.
492 980 641 1073 Possidius
655 979 824 1076 Episcopus
837 984 969 1079 Ecclrsae
979 986 1155 1058 Catholicae
1166 991 1282 1063 dixis.-
1313 990 1376 1065 On
1403 1016 1406 1023 ·

308 1086 369 1162 nia
394 1085 668 1178 probabuntur,
694 1080 718 1153 sr
741 1103 809 1173 ea,
844 1104 920 1173 quae
946 1087 1176 1181 obtulimus,
1217 1090 1263 1165 dc·
1275 1088 1376 1183 suscipi

311 1185 346 1259 dc
362 1185 406 1257 ab
423 1180 546 1258 officio
560 1181 702 1253 recitari
717 1182 912 1278 praecipere
928 1184 1036 1257 fueris
1050 1186 1247 1284 dignatus.
1278 1193 1375 1263 &slis

309 1307 420 1358 nonu.
452 1282 686 1376 Recognovi.

373 1374 467 1478 '179.
494 1383 705 1452 Morccdinus
720 1378 975 1471 virosoriffimus
988 1380 1218 1464 Tribunus&
1232 1392 1373 1463 Ilsrstanu

308 1485 414 1557 dixis.-
440 1476 620 1554 Universa
640 1500 704 1572 per
723 1481 887 1554 ordinem
904 1485 1116 1581 recitentur.

388 1591 469 1663 180.
498 1583 660 1652 Emeritus
683 1581 847 1675 Episcopus
864 1583 965 1652 dixit:
996 1580 1095 1678 Ergo
1115 1586 1215 1660 loco
1235 1589 1290 1665 est
1306 1590 1372 1684 peti·

309 1682 413 1755 toris.
451 1681 499 1753 Es
518 1681 586 1751 olio
607 1703 716 1750 manu.
748 1676 929 1753 Emetitur
945 1677 1146 1776 Episcopus
1165 1690 1372 1787 recognovi

312 1777 464 1870 Poffidius
480 1777 647 1877 Episcopus
664 1778 799 1874 Ecclesia
814 1781 981 1852 Catholicae
995 1784 1099 1873 discit:
1137 1784 1241 1863 Cum
1262 1793 1372 1864 charta

308 1881 445 1957 fuerint
466 1881 646 1970 recitate,
674 1880 812 1972 petitor
829 1879 968 1956 facilius
987 1882 1216 1962 invenietur.
1264 1893 1313 1963 Et
1326 1892 1373 1961 alis

308 2003 419 2052 nonu.
461 1979 693 2075 Recognori.
735 1981 954 2050 Marcellinus
974 1986 1030 2051 vir
1049 1983 1257 2074 clorifflnsus
1277 1986 1372 2063 ‘fille

308 2105 373 2150 nus
389 2081 428 2153 ds
444 2082 608 2149 Notarius
624 2080 736 2148 dixis.-
772 2076 879 2152 Licet
900 2101 946 2153 ex
970 2081 1025 2154 his
1047 2080 1154 2178 gestis
1181 2091 1371 2179 petitorum

307 2182 397 2254 loco
419 2176 554 2253 adstare
574 2177 789 2261 videantur,
821 2192 940 2265 tamen
965 2182 1090 2254 melius
1117 2181 1154 2254 δι
1174 2188 1371 2263 evidentius

309 2277 594 2374 approbabitur,¹
617 2297 697 2351 cum
721 2278 1173 2361 omniasuerintrecitata.

388 2387 467 2458 181.
498 2379 677 2452 Petilianus
690 2379 855 2473 Episcopus
868 2382 971 2449 dixit:
991 2378 1026 2450 Si
1041 2382 1076 2452 in
1091 2380 1285 2461 forensem
1302 2406 1370 2458 con·

307 2477 439 2552 ilicium
458 2479 695 2569 revertimur,
722 2478 885 2560 constat,
912 2499 977 2553 eos
1000 2479 1085 2574 legis
1105 2481 1250 2557 divinae
1272 2483 1370 2560 fecisse

305 2579 489 2677 jasturam.
547 2578 806 2670 Respondeant
838 2580 945 2674 igitur
978 2579 1083 2652 etiam
1109 2595 1228 2672 atque
1258 2590 1368 2675 etiam,

308 2679 407 2768 quod
427 2678 553 2775 exegi,
579 2690 699 2750 utrum
724 2679 861 2773 legibus
888 2679 1040 2770 publicis
1065 2696 1198 2773 agant,
1234 2707 1280 2758 an
1297 2684 1367 2779 legis

310 2777 440 2849 divinae
455 2774 635 2848 conflictu.
670 2775 812 2872 Eligant
826 2779 975 2850 alterum
990 2777 1034 2849 de
1048 2779 1221 2873 duobus,
1251 2800 1367 2856 utrum

306 2897 376 2967 que
392 2876 485 2949 enim
503 2891 631 2948 tenere
648 2897 723 2949 non
737 2876 893 2969 possunt
937 2878 985 2947 Et
999 2878 1065 2947 olio
1079 2903 1190 2954 manu.
1243 2884 1368 2958 Petilia

306 2997 372 3050 nus
389 2973 588 3068 Episcopus
604 2975 698 3048 salva
716 2978 960 3067 appellatione
979 2980 1200 3070 recognovi.
1362 3008 1377 3069 s

388 3084 467 3154 182.
496 3077 708 3146 Morcesinus
726 3080 782 3144 uir
797 3074 979 3165 clorffimus
992 3077 1208 3153 Tribunus&
1219 3085 1369 3154 Notarius

301 3175 414 3246 dixis:
455 3173 542 3245 Haec
569 3196 646 3266 quae
671 3173 831 3246 senilitas
859 3172 976 3247 vestra
1002 3175 1137 3247 obtulit
1164 3182 1365 3277 relegendo,

301 3295 378 3348 non
393 3273 601 3369 ambigitur,
621 3280 701 3366 quia
715 3274 750 3345 in
763 3273 901 3362 judicio
917 3273 1200 3367 virispetlabilis
1217 3280 1366 3353 Procon-

299 3372 380 3446 sulis
404 3372 478 3446 atla
504 3372 608 3464 sunt,
641 3374 683 3445 ad
708 3372 887 3446 forensem
915 3372 1217 3465 disceptationem
1240 3383 1365 3471 absquo

299 3472 411 3546 dubio
430 3473 621 3565 pertinere.
674 3469 805 3564 Unde,
832 3473 919 3545 srcut
935 3471 1122 3547 interfatus
1142 3473 1243 3565 sum,
1272 3494 1312 3552 ut
1326 3478 1363 3550 di·

295 3574 464 3666 ligentius
480 3570 705 3662 ostendatur,
727 3574 786 3663 qui
800 3574 888 3644 loco
901 3573 1067 3665 petitoris
1080 3573 1248 3671 adsistat,
1269 3580 1362 3652 etiam

294 3671 354 3743 illa
372 3672 531 3766 patimini
551 3673 705 3745 recitari.

373 3778 452 3861 ¹834
483 3773 661 3840 Petilionus
690 3771 855 3865 Episcopus
876 3772 981 3840 dixis:
1018 3769 1156 3844 Contra
1186 3773 1257 3849 ista
1286 3795 1361 3869 prae·

292 3864 422 3943 scribo.
474 3870 510 3940 Si
530 3871 679 3942 forensls
699 3869 750 3942 est
767 3867 884 3957 atrro,
913 3871 1016 3962 hujus
1030 3876 1208 3964 temporis
1230 3876 1360 3949 causam

291 3967 415 4038 audire
431 3983 630 4059 praeceptus
647 3992 705 4052 es,
733 3970 790 4040 vir
807 3968 959 4056 nobilis;
985 3970 1010 4042 fi
1027 3969 1237 4063 simpliciter
1252 3976 1287 4046 dr
1302 3973 1361 4045 Ec·

282 4061 481 4142 clesrostico
499 4087 603 4144 more
623 4091 683 4142 res
707 4071 865 4165 geritur„
892 4068 1110 4158 acquiescam
1132 4072 1171 4145 in
1193 4095 1263 4162 ea,
1292 4092 1363 4165 que

210 4206 215 4212 ’
261 4172 351 4274 sege
378 4171 515 4250 divina
535 4170 782 4271 proteruntur
809 4167 1360 4338 uelrmeutlannted'werpp
