3200 4784
457 413 461 422 ’
590 421 999 514 Lrurrn'ounxru'l.
1129 509 1131 524 Ι
1283 448 1329 524 75

262 589 360 666 inter
376 584 545 659 homines
565 579 732 657 faciunt?
767 577 941 671 Equidem
967 578 1047 653 sunt
1069 580 1187 658 &illa
1209 589 1334 680 prohi-

262 688 357 773 bna:
377 684 436 759 sud
454 691 491 758 in
507 689 574 756 hac
588 682 744 754 ledlione
758 683 818 752 illa
828 679 923 776 furta
937 681 1100 776 increpat
1112 685 1234 778 Deus,
1253 708 1335 778 quae

264 787 327 860 libi
351 785 433 858 sunt
453 780 554 856 fatla.
604 785 774 882 Quaeritis
799 801 878 871 quae
901 779 994 852 furta
1015 781 1095 855 sunt
1109 784 1194 859 Deo
1211 785 1331 864 falla?

265 887 365 977 apud
388 905 457 958 vor
478 885 727 956 inveniuntur.
785 877 950 952 Pollellro
973 881 1064 972 Dei,
1091 881 1143 954 est
1164 889 1268 960 turba
1291 885 1347 970 fis,

266 986 419 1068 delium„
446 1003 493 1055 ex
513 1001 583 1074 qua
605 982 769 1072 quoditie
794 978 853 1052 fur
878 981 1054 1052 Diabolus
1076 985 1175 1075 cupit
1199 983 1340 1079 aliquid¹

266 1085 452 1157 involaret
470 1084 508 1154 in
525 1083 656 1173 quovis
672 1077 872 1152 Christiano
888 1095 950 1149 aut
963 1078 1158 1154 Christiana
1174 1089 1253 1157 vult
1269 1088 1332 1160 vel

265 1203 387 1259 morea
407 1173 455 1255 ex
474 1183 590 1271 aliqua
609 1194 710 1273 parte
732 1197 990 1270 corrumpere,
1017 1181 1051 1252 dr
1072 1181 1096 1252 sr
1116 1201 1193 1254 non
1211 1197 1333 1259 totum

267 1283 474 1372 hominem,
505 1279 564 1353 sed
582 1279 826 1371 quodcunque
848 1278 892 1348 de
910 1280 1056 1351 homine
1073 1299 1210 1371 rapere.
1260 1281 1334 1357 Ta-

267 1385 337 1455 lem
357 1382 474 1456 furcm
493 1378 748 1470 cumuideatis
768 1391 903 1448 contra·
913 1396 983 1447 nos
1002 1381 1080 1450 'vim
1100 1379 1242 1476 facere,
1269 1405 1335 1454 ve.

267 1473 345 1556 strio
361 1483 534 1576 operibus
551 1477 744 1570 adjuvistis.
795 1475 890 1550 Nam
907 1477 1082 1550 neminem
1101 1476 1211 1574 fugit,
1234 1482 1335 1570 quod

268 1583 548 1670 omnishomo,
582 1581 641 1668 qui
663 1575 838 1668 nascitur,
871 1578 1032 1668 quamvis
1058 1577 1103 1650 de
1124 1583 1334 1672 parentibus

268 1679 475 1754 Christianis
501 1675 683 1768 nascatur,
718 1678 791 1750 fine
814 1676 938 1769 spiritu
958 1677 1142 1751 immundo
1167 1679 1334 1755 ellenon

265 1779 395 1875 poffit,
427 1799 531 1872 quem
551 1775 692 1849 necelle
709 1775 752 1847 fit
768 1790 854 1847 ante
872 1774 1021 1845 satutare
1045 1778 1252 1863 lavacrum,
1288 1781 1333 1856 ab

268 1881 420 1950 homine
444 1879 585 1948 excludi
610 1877 646 1950 u
670 1875 832 1969 separari.
892 1872 977 1946 Hoc
1003 1877 1220 1951 exorcismus
1246 1902 1336 1974 ope·

269 1989 402 2068 ratur,
433 1995 499 2070 per
525 1994 631 2066 quem
656 1974 797 2066 spiritur
820 1973 1265 2070 immunduedepellltur,
1300 1979 1335 2053 dr

268 2069 307 2148 i'n
327 2075 409 2148 locd
428 2073 566 2149 deserta
583 2073 738 2170 fugatur.
789 2070 848 2144 Fit
860 2074 988 2146 domus
1006 2093 1119 2148 vacua
1134 2078 1169 2148 in
1186 2078 1336 2172 petlore

268 2175 470 2266 credentis,
497 2171 540 2246 fit
557 2172 685 2248 domus
703 2172 855 2269 munda:
887 2174 999 2264 intrat
1014 2172 1115 2248 Deus
1135 2177 1168 2248 du
1183 2179 1337 2273 habitat,

268 2272 455 2364 Apostolo
478 2274 642 2347 dicente:
685 2277 748 2344 Vos
768 2275 835 2370 estis
854 2277 1000 2367 templum
1022 2279 1102 2362 Del,
1128 2285 1164 2352 cr
1187 2287 1225 2348 in
1244 2285 1337 2349 volae

272 2379 364 2444 [leus
388 2376 526 2448 delirat.
588 2372 636 2444 Et
659 2391 740 2447 cum
765 2373 850 2445 Deo
873 2375 1115 2464 unusquisque
1136 2379 1262 2470 plenus
1284 2379 1337 2464 srt,

271 2473 318 2545 de
337 2494 412 2563 quo
433 2472 491 2546 fur
508 2473 672 2545 diabolus
690 2473 822 2562 aliquid
837 2473 1003 2546 involare
1023 2477 1231 2547 contendit:
1264 2495 1337 2550 vot

269 2575 531 2667 rebaptizando
550 2576 766 2645 exorcizatis
783 2574 964 2644 hominem
982 2569 1144 2653 fidelem,
1171 2576 1205 2645 dr
1219 2576 1338 2649 dicitis

270 2671 357 2745 Deo
369 2673 557 2763 habitanti,
568 2672 740 2742 Maledaetie
753 2679 804 2740 exi
813 2672 922 2760 foras.-
938 2683 979 2739 ut
996 2673 1220 2761 compleatur
1239 2673 1340 2766 quod

271 2771 396 2843 aDeo
424 2771 553 2844 did'rum
575 2771 647 2851 est,
683 2789 747 2862 per
765 2768 982 2862 Prophetam
1001 2765 1255 2846 Ezechielem:
1290 2772 1340 2848 Er

272 2873 498 2941 maledicebant
521 2871 603 2938 milti
625 2877 662 2948 ln
681 2871 793 2962 populo
813 2891 895 2952 meo,
922 2886 1047 2960 propter
1064 2871 1190 2965 plenam
1210 2897 1339 2946 manum

273 2973 383 3041 hordei
401 2968 439 3045 (5
459 2971 620 3039 buccellam
637 2975 749 3063 punis,
774 2983 813 3038 ul
832 2968 1001 3037 occiderent
1015 2976 1159 3062 animas,
1178 2997 1342 3070 quasnam

274 3075 415 3166 oportuit
431 3075 512 3138 mori
521 3115 530 3150 ,
556 3071 628 3139 dum
648 3077 854 3139 annuntiant
867 3068 976 3163 populu
992 3091 1056 3140 meu
1070 3093 1173 3141 vanus
1188 3071 1341 3159 seduliid·

276 3195 344 3242 nes.
398 3169 512 3239 Audit
535 3190 621 3264 ergo
644 3168 743 3241 Deus
764 3169 908 3259 injurias
933 3187 1008 3239 non
1030 3168 1093 3240 srbi
1113 3170 1277 3264 debitas,
1306 3172 1342 3246 dr

276 3269 482 3359 hujusmodi
506 3270 748 3343 habitaculum
767 3267 917 3341 deserit:
951 3267 985 3338 dr
1010 3263 1145 3364 humo,
1178 3276 1237 3362 qui
1252 3273 1341 3344 Deo

306 3371 406 3439 lenus
423 3368 460 3438 in
480 3363 670 3442 Ecclesiam
687 3369 910 3456 intraverat,
937 3369 1117 3462 egreditur
1140 3391 1204 3443 uas
1224 3373 1348 3446 inane

278 3394 480 3557 Elabolut,
509 3468 567 3556 qui
592 3470 743 3540 volebat
768 3464 936 3556 quan-fur
955 3468 1084 3554 aliquid
1101 3469 1267 3541 involare
1284 3472 1343 3542 ad·¹

275 3569 375 3660 jutus
390 3565 559 3656 operibus
574 3565 722 3658 vestris,
748 3566 849 3637 videt
862 3576 981 3634 totum
998 3563 1095 3638 suum
1111 3566 1240 3640 factum
1259 3567 1346 3666 else,

280 3668 379 3740 unde
396 3667 547 3737 volebat
563 3666 744 3757 paululum
758 3663 891 3754 aliquid
908 3663 1050 3737 tollere.
1101 3665 1199 3761 Ergo
1216 3668 1261 3739 de
1275 3685 1346 3742 voa

281 3768 336 3839 bis
357 3765 446 3837 dixit
463 3763 582 3837 Deus:
614 3765 748 3836 thebus
758 3765 864 3854 furem
880 3765 918 3838 U
937 3765 1079 3834 currebas
1095 3789 1163 3835 rum
1177 3791 1219 3842 ea.
1271 3766 1345 3843 De*

282 3868 392 3954 nique
411 3867 447 3937 in
465 3862 667 3959 Evangelio
686 3862 735 3937 fic
749 3862 916 3956 scriptum
935 3858 1004 3934 est:
1033 3867 1113 3935 cem
1131 3885 1236 3939 amm
1254 3871 1347 3952 Daue

284 3966 449 4052 deseruerit
474 3965 654 4053 hominem,
689 3979 829 4034 remanet
850 3987 909 4033 vas
933 3966 1051 4035 inane:
1084 3969 1218 4064 spiritus
1240 3981 1346 4040 marm

283 4067 466 4139 immundus
482 4084 595 4140 mam
605 4086 665 4166 ptr
679 4066 745 4138 locu
763 4063 882 4157 deserta
896 4066 1024 4171 jejunas
1037 4067 1146 4166 deit,
1161 4075 1268 4143 dumus
1281 4085 1354 4138 mu

1219 4186 1334 4238 nuru
