3200 4784
848 419 971 475 nn
1021 389 1836 478 nouarum-Anum
1883 395 2410 486 Hrsronn.
2561 401 2700 492 361

483 583 505 634 r.
564 561 665 610 “⁶''
728 569 841 648 18.
894 555 1331 636 Honorabili
1378 579 1464 632 ac
1508 557 1934 632 dileetissimo
1983 557 2190 652 filio,
2255 561 2426 631 viro
2469 559 2701 634 clarii-‘-

483 687 501 734 τ
570 664 749 740 fimo
819 660 886 732 δι
938 659 1311 756 spestabili·
1352 657 1690 732 Tribuno
1747 659 1812 730 &
1883 659 2203 732 Notario
2263 660 2697 732 Marcellino

491 783 509 834 ε
572 759 917 835 Aurelius
951 813 978 852 ‚
1048 760 1379 831 Silvanus
1435 758 1503 830 δι
1555 757 1867 830 universi
1918 755 2252 851 Episcopi
2313 757 2700 836 Catholici·-

566 862 887 935 Multum
937 880 1077 932 nos
1136 856 1484 931 sollicitos
1544 857 1858 929 reddidit
1904 861 2200 930 notoria
2255 859 2375 930 vel
2439 861 2700 956 litteras

484 991 501 1034 ·;
540 961 873 1034 'fratrum
930 949 1335 1031 nostrorum
1368 1005 1391 1038 ,
1472 977 1658 1046 quos
1715 959 2036 1048 cupimus
2102 957 2190 1029 ad
2247 955 2702 1036 Catholicam

485 1089 493 1134 :
572 1080 825 1154 pacem
878 1078 919 1130 a
960 1056 1361 1150 perniciosa
1402 1055 1820 1128 diffenfione
1861 1058 2242 1144 converti3
2315 1059 2512 1146 quod
2553 1059 2704 1130 edi-

485 1187 501 1234 :
582 1158 701 1230 &0
753 1157 1147 1238 nobilitatis
1194 1169 1388 1245 tuae‚
1458 1175 1608 1245 quo
1647 1155 1856 1245 ipsius
1903 1155 2398 1249 disputationis
2438 1156 2701 1230 nostrae

485 1265 499 1336 ς’·
578 1258 1068 1347 tranquillitati
1104 1257 1503 1345 ⁸quietique
1568 1253 2013 1346 providisti,
2094 1253 2499 1328 consentire
2566 1277 2703 1329 no·

488 1389 500 1434 :-
579 1358 921 1430 luerunt:
1002 1375 1094 1429 ne
1144 1355 1340 1428 forte
1406 1353 1670 1426 etiamli
1737 1373 1891 1425 non
1955 1374 2260 1448 omnes,
2307 1355 2544 1446 .aliqui
2599 1369 2706 1428 ta.

488 1491 493 1498 ·
580 1475 747 1530 men
810 1474 1061 1528 eorum
1126 1473 1256 1546 per
1307 1453 1778 1526 multitudinis
1837 1457 2216 1526 tumultum
2283 1451 2400 1525 seu
2461 1453 2708 1546 strepi-

487 1592 494 1602 ·
585 1569 733 1628 tum
801 1557 1325 1634 collationem,
1404 1573 1557 1642 quae
1621 1565 1874 1644 pacata
1941 1551 2080 1625 effe
2147 1554 2420 1645 debet,
2487 1555 2712 1646 impe-¹
2773 1609 2790 1622 ,

584 1656 807 1728 diant.
928 1650 1177 1744 Atque
1216 1653 1485 1724 utinam
1543 1649 1732 1742 ipsos
1781 1669 1934 1724 non
1983 1666 2356 1746 pertentet
2409 1650 2532 1725 ista
2584 1673 2708 1726 co-

586 1757 885 1849 gitatio,
950 1751 1018 1822 &
1057 1772 1191 1824 nos
1244 1753 1489 1840 potius
1530 1750 1732 1824 fallat
1773 1749 1898 1822 ista
1937 1748 2272 1845 suspicio:
2338 1751 2406 1822 &
2449 1753 2618 1824 ideo
2653 1745 2708 1826 'fi
2773 1815 2778 1825 .

588 1853 822 1924 velint
865 1869 1115 1922 omnes
1170 1849 1308 1922 effe
1360 1846 1780 1942 praesentes,
1831 1862 1914 1921 ut
1957 1871 2120 1924 cum
2171 1853 2270 1924 eis
2301 1849 2524 1924 visum
2555 1853 2711 1925 fue-

587 1951 723 2038 rit,
786 1953 1239 2044 congregatis
1290 1950 1461 2021 illuc
1518 1953 1732 2022 etiam
1784 1949 1996 2022 nobis
2047 1951 2244 2024 fimul
2295 1951 2464 2024 inde
2506 1972 2711 2046 egre-

590 2050 862 2132 diamur
909 2049 1315 2120 concordes
1362 2063 1577 2138 atque
1625 2052 1900 2141 pacati,
1953 2049 2020 2122 &
2059 2050 2712 2124 schismaticadivi-

588 2149 787 2221 fione
832 2146 1193 2238 correcta,
1240 2147 1565 2220 fraterno
1609 2150 1898 2221 unitatis
1941 2149 2198 2222 Christi
2225 2151 2538 2224 -vinculo
2577 2152 2710 2221 ob-

591 2247 802 2320 stric'ti
822 2301 845 2333 .‚
876 2249 1289 2320 mirantibus
1320 2247 1386 2318 δι
1413 2247 1881 2342 gaudentibus
1915 2252 2248 2322 omnibus
2280 2251 2538 2339 bonis,
2581 2249 2711 2320 do-

590 2349 787 2420 lente
826 2360 1059 2419 autem
1096 2346 1250 2418 solo
1290 2347 1583 2420 diabolo
1628 2347 1692 2418 δι
1719 2347 2049 2421 similibus
2083 2351 2278 2439 ejus,
2330 2350 2595 2439 pariter
2636 2347 2715 2420 in

590 2446 975 2520 Ecclesiam
1014 2445 1099 2517 ad
1141 2449 1519 2541 gratiarum
1550 2443 1902 2517 astionem
1937 2448 2322 2534 laudesque
2359 2446 2526 2516 Deo
2552 2445 2716 2520 red·-

594 2547 859 2617 dendas
896 2546 1353 2618 ardentiffima
1392 2548 1457 2616 &
1495 2545 1897 2616 lucidiffima
1937 2547 2282 2616 charitate
2315 2563 2714 2638 pergamus,

598 2646 793 2741 Quid
832 2647 1015 2716 enim
1058 2665 1383 2737 magnum
1426 2642 1569 2732 est,
1635 2642 1682 2713 si
1723 2643 1978 2712 oculus
2025 2657 2316 2734 pacatus
2361 2643 2716 2736 attendat,

598 2744 667 2815 &
704 2745 1049 2835 cogitatio
1086 2739 1479 2812 Christiana
1520 2759 1669 2812 non
1715 2737 1988 2812 deserat
2026 2741 2472 2814 considerare
2509 2743 2574 2814 δι
2609 2745 2718 2814 vi-

600 2843 807 2930 dere,
860 2841 1153 2912 remotis
1195 2839 1518 2911 humanis
1551 2840 2164 2916 criminationibus
2209 2839 2325 2915 seu
2361 2843 2552 2913 veris
2595 2839 2718 2914 seu

598 2940 783 3014 falsis
836 2941 905 3011 in
958 2940 1057 3009 eis
1103 2939 1359 3018 litteris
1405 2936 1788 3011 Ecclefiam
1839 2938 1978 3012 ess‘e
2026 2939 2524 3034 quaerendam,
2589 2941 2719 3014 ubi

604 3037 921 3114 Christus
953 3038 1368 3127 redemptor
1392 3039 1543 3128 ejus
1570 3037 1948 3110 innotuit?
1999 3039 2190 3113 Nam
2213 3040 2390 3113 ficut
2418 3061 2570 3112 non
2598 3060 2720 3113 au-

602 3139 829 3211 dimus
874 3149 1131 3208 contra
1166 3135 1517 3210 Christum
1557 3157 1734 3227 eos·‚
1803 3141 1918 3228 qui
1957 3138 2208 3211 dicunt
2253 3159 2518 3231 corpus
2561 3140 2720 3230 ejus

603 3238 695 3310 de
738 3235 1110 3327 sepulchro
1152 3235 1459 3308 furatum
1510 3258 1549 3309 a
1596 3237 1992 3329 discipulis,
2045 3239 2140 3310 sic
2181 3259 2336 3311 non
2375 3238 2720 3310 debemus

604 3336 848 3408 audire
896 3349 1151 3408 contra
1195 3339 1343 3428 ejus
1392 3334 1772 3408 Ecclefiam
1814 3358 1984 3426 εοε,
2054 3339 2170 3427 qni
2212 3338 2504 3427 dicunt,
2569 3357 2724 3411 non

602 3456 761 3508 eam
804 3433 943 3508 effe
992 3435 1117 3506 nisi
1156 3435 1229 3506 in
1268 3436 1429 3507 solis
1464 3435 1658 3506 Afris
1691 3435 1756 3506 ἂ
1785 3435 2136 3509 Afrorum
2165 3436 2577 3526 pauciffimis
2612 3433 2722 3506 so·

585 3590 595 3604 .
868 3530 1266 3640 Apostolus
1318 3543 1579 3627 quippe
1623 3535 1843 3623 dicit,
1907 3539 2199 3631 qusniam
2239 3559 2485 3604 veraces
2531 3535 2724 3604 Chre·-

815 3666 817 3668 v
970 3656 978 3679 ··
1009 3672 1065 3717 μ,
1258 3667 1261 3668 ’
1302 3635 1567 3727 Christi.
1667 3631 1869 3703 Sicut
1919 3655 2095 3724 ergo
2143 3655 2291 3703 nnn
2339 3633 2723 3726 credimus,

1168 3731 1571 3827 ’μῐὶὶίϊε
1611 3751 1887 3803 carnem
1927 3731 2183 3803 Christi
2235 3745 2588 3806 mortuam
2619 3733 2726 3816 ῥα

1261 3840 1290 3863 ”
1350 3867 1354 3870 ·
1398 3863 1559 3896 ὢν
1595 3831 2099 3925 1242-2-m·
2151 3845 2458 3923 peceato
2494 3832 2728 3923 cujus·

1736 3930 1738 3937 ’
1925 3938 1967 4008 ὲ
2003 3931 2303 4003 mundo.
2407 3929 2588 4005 Non
2623 3929 2730 4009 est

1966 4040 1995 4049 ”
2046 4064 2151 4126 '‘r-⁴*
2192 4031 2424 4126 istUflq
2477 4030 2732 4102 &cort

2235 4187 2242 4191 .
2525 4141 2692 4218 qus.
