3200 4784
507 411 654 486 314
988 361 1667 460 :Mon'umivn
1725 383 2140 460 venna
2272 485 2278 496 ι

515 574 650 647 177
698 546 1194 622 Inter-locutio
1224 598 1249 638 ‚
1330 566 1487 637 quae
1544 546 1759 638 jubet
1825 548 2139 640 probare
2211 541 2657 617 Catholicos

568 633 611 708 .“
761 646 1150 744 schismatis
1183 648 1494 737 crimen,
1548 646 1746 738 quod
1780 648 2130 736 objiciunt
2165 642 2611 718 Donatistis,

517 760 654 848 178
713 748 1259 821 catholicorum
1293 747 1377 817 ad
1410 745 1537 820 ista
1567 744 1953 838 respons10.

514 875 652 948 179
703 846 1233 939 111terlocuti0,
1287 865 1440 937 quae
1480 846 1696 939 jubet
1746 844 2078 918 universa
2129 866 2257 938 per
2310 843 2655 917 ordinem

758 946 1069 1019 recitari.
1414 1015 1421 1024 ,

517 1059 656 1131 180
710 1043 1339 1120 Contendentibus
1420 1042 1510 1116 de
1570 1045 1867 1118 nomine
1936 1042 2269 1136 petitoris
2345 1045 2657 1116 interlo-

676 1231 681 1240 ·
751 1147 991 1237 quitur
1004 1146 1031 1237 j
1090 1147 1254 1232 deX,
1292 1145 1682 1235 petitorem
1716 1146 1963 1218 melius
1994 1141 2195 1237 poss'e
2222 1143 2654 1236 clarescere,

763 1267 922 1317 cum
961 1267 1008 1316 o
1086 1245 1202 1315 nia
1240 1242 1503 1315 fuerint
1537 1246 1859 1318 recitata.

517 1357 650 1428 181
707 1342 1133 1418 Prosecutio
1173 1341 1755 1433 Donatistarum,
1822 1357 1905 1414 ut
1947 1343 2213 1439 eligant
2251 1339 2652 1422 Catholici,

754 1459 994 1517 utrum
1029 1443 1330 1537 publicis
1365 1462 1573 1536 agere
1611 1444 1841 1514 velint
1873 1444 2188 1539 legibus»,
2236 1463 2318 1514 an
2351 1443 2653 1515 divinis.
2725 1457 2728 1518 ἱ

446 1589 452 1602 =
518 1559 657 1628 182
711 1544 826 1617 Ad
864 1545 1012 1615 haec
1043 1542 1515 1615 interlocutio
1549 1544 1991 1636 cognitoris,
2041 1557 2123 1615 ut
2150 1542 2337 1637 gesta
2368 1562 2508 1633 per
2541 1562 2653 1612 or·
2723 1567 2729 1608 ι

766 1646 1002 1714 dinem
1038 1642 1480 1727 recitentur,
1534 1661 1680 1732 quo
1717 1641 1924 1734 possit
1953 1643 2226 1735 petitor
2263 1641 2588 1735 agno-sci.

518 1755 654 1838 183
707 1742 855 1815 Ubi
902 1739 1340 1831 Donatistae,
1411 1762 1502 1813 ne
1558 1740 1749 1836 gesta
1799 1743 1983 1833 apud
2024 1740 2424 1813 Anulinum
2478 1739 2652 1812 Pro·

766 1840 1131 1914 consulem
1186 1842 1425 1912 habita
1499 1842 1949 1932 recitentur,
2032 1840 2652 1934 praescriptionem

624 1983 629 1987 -
760 1942 849 2013 de
881 1938 1072 2034 lapsu
1108 1944 1455 2033 temporis
1493 1942 1888 2014 moliuntur
1922 1942 2286 2013 inducere.

522 2049 664 2133 184
709 2040 857 2112 Ubi
913 2038 1038 2111 ista
1097 2040 1706 2112 contendentibus
1763 2039 2156 2113 Donatistis
2222 2039 2653 2129 interloqui-

766 2155 882 2212 tur
936 2140 1195 2231 judex,
1261 2138 1861 2232 praescriptionem
1917 2141 2006 2211 de
2052 2138 2242 2233 lapsu
2287 2139 2650 2230 temporis

760 2239 1367 2330 submovendam,
1423 2259 1582 2309 curn
1626 2238 1711 2312 ad
1748 2240 1940 2310 hunc
1978 2240 2164 2311 diem
2202 2252 2448 2333 partes
2490 2257 2652 2311 exa-

759 2361 925 2413 men
966 2340 1328 2412 communi
1364 2341 1749 2410 voluntate
1785 2338 2201 2414 distulerint.

522 2435 659 2532 185
712 2441 860 2513 Ubi
897 2438 1300 2510 Donatistae
1349 2438 1640 2527 dicunt,
1694 2438 1863 2511 ideo
1913 2439 1981 2511 se
2033 2436 2650 2531 praescriptionem

764 2534 1505 2630 temporisintuliss'e,
1575 2541 1920 2629 quoniam
1962 2538 2323 2610 Catholici
2378 2536 2653 2613 forenfi

759 2657 967 2714 more
999 2636 1256 2708 chartis
1291 2638 1551 2708 oblatis
1585 2659 1796 2732 agere
1834 2642 2253 2711 voluerunt.

525 2744 664 2823 186
712 2738 1239 2827 Interlocutio,
1291 2750 1372 2807 ut
1406 2734 1890 2829 respondeant
1924 2736 2281 2810 Catholici
2313 2733 2644 2825 objectis,
