3200 4784
263 433 269 440 '
354 455 365 472 ··
475 403 486 538 '¹
624 401 993 503 Lane'nantnu'a.
1298 454 1343 533 19

269 609 338 665 nus
354 586 567 690 Imperator
586 586 634 662 fic
656 589 865 683 respondit·
891 616 907 658 a
905 587 1034 658 rabida
1049 589 1177 680 fairora's
1191 594 1341 682 audacia,
1365 573 1368 582 Ι

264 692 388 784 ficui
377 717 415 760 an
422 691 530 837 causta
548 692 713 784 gentilium
723 692 802 779 fleri
815 692 893 779 fialae
904 741 915 778 ‚
942 693 1183 786 appellationem
1201 704 1339 791 interpo-

283 785 431 862 flerunt!

221 791 292 882 s
348 912 394 978 25
424 887 561 963 Eodem
575 904 741 983 tempore
754 889 847 961 rdem
862 888 1163 980 Donatuspetiit
1182 893 1268 965 uter
1286 913 1339 966 re·

269 993 368 1063 verti
380 989 543 1079 licuisset,
560 990 592 1061 dt
607 1010 674 1060 nec
686 989 727 1060 ad
739 987 988 1104 Carthaginem
1002 990 1202 1065 accederet.
1229 992 1338 1066 ‘lunc

270 1084 509 1182 asiinmino,
534 1087 768 1183 suffragatore
791 1090 891 1179 ejus,
919 1091 1124 1179 imperatori
1141 1087 1337 1183 suggestum

270 1188 336 1280 est,
347 1201 388 1259 ut
399 1193 501 1261 bono
516 1190 612 1281 pacis
623 1187 833 1258 Caecilianus
848 1186 970 1257 Brixia.²
984 1190 1220 1259 retineretur:
1241 1191 1272 1260 dt
1288 1191 1337 1263 sa-

270 1287 365 1374 stum
380 1288 444 1363 est:
492 1286 601 1360 Tunc
621 1290 695 1359 duo
715 1283 882 1378 Episcopi
905 1289 946 1356 ad
967 1287 1125 1358 Africam
1145 1288 1229 1361 m'ffi
1244 1286 1336 1381 sunt,

268 1385 470 1460 Eunomius
496 1388 734 1476 &Odimpius
758 1389 762 1394 “
786 1385 1001 1470 Venerunt,
1029 1387 1066 1457 dt·
1081 1386 1174 1480 apud
1192 1385 1336 1459 Cartha-

267 1488 388 1580 ginem
414 1488 563 1561 suerunt
590 1506 656 1576 per
683 1485 757 1556 dies
783 1484 1032 1577 quadraginta,
1057 1499 1099 1556 ut
1122 1488 1338 1575 pronuncia·
1396 1560 1401 1568 ,

264 1603 351 1658 rent
371 1590 430 1659 ubi
451 1586 538 1659 esset
560 1584 758 1659 Catholica.
809 1585 897 1657 Hoc
915 1584 1077 1656 seditiosa
1098 1604 1178 1676 pars
1200 1586 1338 1659 Donati

266 1681 458 1776 fieripassa
474 1707 549 1758 non
568 1684 628 1757 est.
679 1683 737 1755 De
760 1681 876 1755 studio
895 1687 1047 1773 partium
1064 1682 1230 1775 strepitus
1249 1707 1337 1775 quo·
1371 1683 1373 1688 ’

266 1786 394 1864 tidiani
413 1784 491 1856 sunt
506 1787 633 1857 habiti:
659 1779 843 1853 novissima
858 1781 1032 1853 sententia
1050 1804 1174 1856 eorum
1191 1783 1337 1876 Episco-

264 1904 403 1975 porum
426 1879 593 1954 Eunomii
614 1883 647 1952 δι
665 1881 813 1970 Olimpii
836 1882 914 1953 taiis
933 1882 1079 1976 iegitur,
1110 1897 1151 1953 ut
1173 1883 1337 1957 dicerent

264 1983 367 2052 iiiam
386 1977 455 2052 eisc
474 1980 715 2058 (inmusicum,
742 2001 819 2068 quae
840 1976 958 2052 esset
949 2002 983 2053 m
1008 1995 1092 2053 toto
1113 1985 1203 2054 orbe
1227 1998 1336 2057 terra·

264 2099 348 2151 rum
372 2075 515 2153 diffusa:
547 2077 809 2152 &sententiam
830 2080 952 2152 decern
978 2081 1016 2151 dr
1036 2080 1219 2154 novemE
1223 2082 1336 2177 pisco-

265 2185 423 2272 por'um,
445 2178 517 2269 jam
538 2179 670 2251 dudum
688 2181 826 2268 datam,
855 2175 997 2252 dissolvi
1018 2200 1094 2252 non
1113 2106 1244 2274 posse.p
1276 2184 1336 2256 Sic

240 2281 633 2350 'communicaverunt
658 2279 758 2349 ciero
783 2275 990 2370 Caeciliani,
1025 2280 1058 2351 ἃ
1086 2282 1217 2353 reversa
1242 2279 1334 2358 sunt.

265 2376 375 2451 De
353 2397 394 2448 us
419 2379 524 2450 rebus
553 2381 723 2451 habemus
745 2379 930 2451 volumina
951 2378 1122 2455 astorum.
1175 2382 1287 2476 Quod
1311 2381 1337 2453 st

266 2477 348 2564 quis
367 2480 547 2565 voluerit,
567 2481 604 2550 in
621 2476 816 2551 novissimis
833 2479 993 2569 partibus
1009 2480 1114 2572 legat.
1154 2476 1244 2549 Cum
1260 2481 1336 2550 haec

264 2570 417 2670 fierent,
454 2576 619 2649 Donatus
645 2579 742 2647 ultro
766 2576 866 2666 prior
889 2577 932 2650 ad
955 2575 1206 2669 Carthaginem
1230 2578 1338 2650 redit.
1397 2581 1399 2586 ’

265 2672 354 2747 Hoc
375 2676 520 2768 audito,
547 2673 756 2748 Cdeciiianus
776 2674 818 2745 ad
841 2672 933 2746 suam
950 2676 1090 2763 plebem
1107 2681 1332 2766 properavit

265 2770 353 2845 Hoc
369 2776 510 2847 modo
500 2770 631 2847 rterum
648 2773 885 2844 renovellatae
901 2773 981 2843 sunt
999 2786 1129 2862 partes.
1184 2772 1334 2850 Constat

219 2873 225 2906 ⁸
265 2882 386 2944 tamen
416 2872 601 2946 Donatum
633 2886 694 2942 tot
725 2868 907 2942 sententiis
926 2868 1009 2943 eise
1036 2869 1264 2967 percussum,
1301 2875 1334 2948 δι

219 2967 498 3063 [ΌεῑείΙίαῃυω
522 2975 756 3045 innocentem
786 2972 940 3046 totidem
963 2969 1146 3047 sententiis
1174 2996 1334 3067 pronun·

219 3069 413 3145 [vasatum.

219 3191 223 3206 ·
247 3243 254 3272 ἲ
347 3173 402 3243 26.
428 3167 498 3240 Sed
519 3169 598 3259 quia
614 3169 649 3241 in
666 3165 738 3260 ipsa
756 3169 915 3262 causa,
902 3191 973 3263 Jam
992 3170 1152 3246 dudum
1141 3194 1178 3245 rn
1199 3167 1334 3256 Catho-

219 3293 222 3366 ;
263 3266 335 3341 lica
358 3269 510 3340 duorum
534 3271 752 3341 videbantur
777 3273 942 3342 laborare
963 3270 1149 3365 personae,
1175 3273 1334 3345 &Ordi-

263 3367 340 3442 nati
358 3368 391 3440 dr
406 3367 652 3440 Ordinatoris:
678 3355 864 3460 postquam
879 3368 1103 3443 Ordinatus
1094 3393 1130 3443 tn
1148 3374 1235 3444 urbe
1251 3393 1331 3463 pur·

264 3483 369 3560 gatus
394 3464 470 3539 est:
509 3471 711 3561 purgandus
738 3470 853 3539 adhuc
878 3471 1092 3543 remanserat
1117 3468 1330 3546 Ordinator.

263 3563 375 3638 Tunc
390 3560 644 3637 Constantinus
659 3568 701 3638 ad
717 3565 898 3639 AEiianum
914 3566 1172 3641 Proconsuiem
1189 3568 1330 3660 scripsit,

263 3679 307 3740 ιιι
331 3666 482 3738 remotis
509 3662 771 3760 necessitatibus
799 3667 980 3756 publicis,
1019 3669 1064 3738 de
1101 3670 1175 3738 vita
1201 3665 1330 3744 Felicia

262 3765 517 3840 Autumnitani
534 3764 679 3856 pnidice
695 3783 923 3855 quaereretur.
957 3764 1077 3835 Sedit
1069 3786 1097 3835 rs
1115 3766 1171 3837 cui
1189 3771 1331 3844 eratin-

263 3861 407 3939 dietum
459 3861 596 3937 induor
623 3860 702 3934 sunt
725 3862 893 3934 Claudius
918 3865 1146 3955 saturianus,
1183 3885 1330 3942 curator

261 3959 513 4056 Reipublicae,
543 3965 601 4057 qui
620 3960 693 4035 fuit
715 3976 881 4060 tempore
903 3961 1193 4048 nerseeutionis
1184 3990 1219 4038 rn
1243 3969 1331 4040 civi·

261 4069 343 4139 'tate
366 4059 530 4160 Felicia,
571 4063 605 4138 dt
637 4075 800 4244 curatorB
820 4063 1001 4156 praesentis
1024 4080 1118 4146 tuuc
1139 4068 1359 4174 temnons,

275 4209 280 4218 ·
516 4195 519 4202 ’
832 4187 854 4244 2
1070 4169 1078 4188 ⁶
1197 4182 1319 4259 quan-
