3200 4784
425 473 431 490 ἓ
548 395 638 482 16
1192 363 1644 468 'OM-An
1709 369 1958 470 Arar
2077 445 2083 456 ·

520 557 659 630 .los
695 548 1065 636 voluistis,
1128 551 1276 624 hoc
1313 544 1677 625 malum&
1712 554 1970 646 verbis-
1989 526 2129 627 Dei
2172 550 2314 629 ess‘e
2357 555 2692 648 prohibi-³

542 651 734 744 tum,
789 654 854 726 δι
896 650 1253 726 admiss'um
1286 653 1600 747 graviter
1644 652 2111 728 vindicatum.
2214 653 2507 730 Deinde
2537 655 2679 732 effe

542 749 934 848 distantiam
966 750 1426 841 delictorum,
1468 763 1590 822 aut
1623 749 1925 826 remiffio
1960 753 2257 834 testatur
2288 767 2414 827 aut
2439 775 2693 848 poena.·

426 883 433 890 ·
542 853 880 944 Denique
914 853 1101 923 inter
1133 865 1392 923 caetera
1425 865 1785 943 praeeepta
1836 854 2049 926 etiam
2099 853 2250 926 haec
2300 856 2432 926 tria
2466 854 2673 947 jussio

545 951 791 1044 divina
833 952 1242 1045 prohibuit,
1274 957 1281 964 ’
1311 952 1469 1021 Non
1501 952 1762 1042 occides,
1818 941 1978 1024 Νὸη
2012 953 2135 1021 ibis
2159 953 2291 1049 post
2328 957 2491 1025 Deos
2526 956 2676 1027 alie·

528 1068 654 1124 ‘ms
681 1079 708 1125 .-
775 1050 840 1123 &
870 1053 945 1122 in
977 1050 1324 1142 capitibus
1363 1046 1908 1141 mandatorum,
1964 1054 2125 1123 Non
2148 1051 2359 1143 facies
2377 1054 2704 1144 schisma..

541 1145 938 1224 Videamus
981 1149 1071 1223 de
1112 1150 1195 1220 iis
1247 1149 1473 1220 tribus
1506 1199 1532 1239 ‚
1606 1147 1774 1240 quid
1822 1153 2206 1246 opportuit
2256 1153 2533 1244 puniri,
2604 1155 2678 1227 δι

496 1304 505 1313 ,
547 1250 714 1342 q'uid
743 1251 1005 1324 meruit
1032 1247 1351 1321 relaxari.
1424 1245 1877 1322 Parricidium
1913 1250 2304 1359 principale
2341 1251 2675 1326 defletum

544 1350 686 1424 est:
750 1351 817 1421 δι
874 1364 1112 1422 tamen
1149 1345 1326 1420 Cain
1371 1367 1507 1420 nec
1555 1366 1720 1420 reus
1761 1349 2021 1421 a.Deo
2057 1354 2500 1443 percutitur,
2552 1351 2676 1432 {kd

482 1439 513 1536 ’,
545 1447 824 1524 occisus
876 1447 1156 1540 insuper
1207 1431 1638 1520 vindicatur.
1746 1445 1831 1519 In
1859 1447 2497 1528 -Ninivecivitate
2542 1450 2679 1523 ho·

414 1603 423 1618 .
465 1629 470 1634 ⁵
541 1552 813 1649 minum
857 1568 1162 1621 numero
1210 1562 1500 1618 centum
1542 1546 1800 1640 viginti
1836 1548 2052 1622 millia
2088 1547 2465 1644 sacrilega,
2522 1570 2679 1639 quae

413 1641 420 1658 “
516 1648 751 1732 ,Deos
789 1648 1064 1720 alienos
1094 1645 1287 1735 sequi
1320 1644 1788 1723 videbantur:
1841 1646 2004 1739 post
2038 1648 2475 1722 iracundiam
2498 1649 2674 1751 Dei,

498 1760 503 1764 ’
544 1738 981 1822 &nuncium
1012 1745 1214 1839 Jonae
1249 1743 1634 1835 Prophetae
1665 1796 1691 1834 ‚
1747 1745 2096 1837 jejunium
2139 1748 2343 1839 parvi
2394 1761 2677 1842 tempo÷

542 1849 641 1919 ris
696 1847 761 1919 ἀ
808 1847 1045 1917 oratio
1090 1845 1598 1939 indulgentiam
1646 1847 1984 1934 metuite
2030 1847 2420 1920 Videamus
2464 1848 2511 1922 fi
2559 1849 2679 1920 ali-

508 1945 513 1950 ’
546 1947 715 2039 quid
749 1948 892 2019 tale
916 1944 1298 2018 'consecuti
1328 1942 1489 2016 sunt
1522 1944 1618 2035 ii,
1668 1947 1789 2034 qui
1823 1947 2138 2037 populos
2172 1945 2309 2018 Dei
2346 1947 2699 2040 primitus.

546 2046 687 2120 aufi
719 2043 875 2119 sunt
894 2043 1237 2134 scindere.
1290 2111 1295 2120 .
1340 2040 1498 2114 Tot
1524 2041 2176 2133 millibussvirorum
2207 2044 2457 2136 lsrael,
2495 2067 2677 2137 quo-

544 2166 704 2230 tum
761 2168 799 2219 a
849 2131 1256 2230 cervicibus
1312 2139 1555 2215 divina
1604 2142 2065 2235 providentia
2109 2147 2358 2239 jugum
2413 2143 2671 2218 servile

530 2241 955 2338 dejeceraq
1006 2245 1257 2315 Aaron
1299 2239 1603 2314 sanctum
1639 2262 1855 2315 unum
1890 2241 2312 2335 praefecerat
2344 2242 2671 2320 sacerdo-

545 2360 731 2419 tem:
760 2335 911 2442 ‚sed
953 2363 1115 2416 curn
1157 2335 1451 2416 ministri
1497 2342 1646 2434 ejus
1683 2340 2153 2416 sacerdotium
2203 2343 2355 2415 non
2394 2343 2517 2417 fibi
2556 2344 2675 2415 de·
2723 2341 2729 2358 “

539 2447 775 2520 bitum
834 2439 1422 2535 concupiscentes
1454 2493 1480 2532 ‚
1554 2439 1830 2513 seducta
1877 2456 2078 2532 parte
2118 2443 2370 2535 populi
2423 2443 2674 2515 illicite

506 2547 1021 2635 invaderent,
1088 2544 1305 2616 ritum
1349 2541 1597 2614 imitati
1639 2537 1993 2614 sacrorum
2024 2589 2050 2632 ‚
2117 2543 2475 2613 ducentos
2502 2593 2527 2633 ‚
2605 2540 2676 2613 δι
2723 2583 2742 2589 -

431 2730 437 2736 ,
506 2707 513 2714 .
546 2645 745 2740 quod
777 2644 1131 2726 excurrit,
1182 2638 1536 2718 ministros
1579 2637 1814 2713 secum
1846 2641 2207 2731 perituros
2232 2694 2260 2734 ‚
2315 2663 2472 2714 cum
2512 2641 2671 2736 thu-

543 2746 798 2834 ribulisf
827 2747 901 2818 in
941 2744 1183 2828 fronte
1220 2739 1478 2830 sedutti
1514 2742 1764 2834 populi
1804 2735 2216 2833 posuerunt.
2319 2740 2516 2834 Deus
2549 2739 2666 2811 cui
