3200 4784
507 393 650 472 182
796 401 845 438 -·
1012 349 2128 458 Mommsen-waverensi

507 547 790 646 pulares
817 539 1110 638 publice
1143 537 1531 632 accipiunt.
1613 535 2167 624 crescentianus
2200 537 2414 614 dixit:
2455 536 2651 617 Non

513 646 802 735 audivi,
869 640 993 713 vel
1036 639 1186 712 vidi
1235 635 1496 714 dedisse
1541 637 1738 713 illum
1784 641 2088 730 aliquos.
2189 639 2650 734 Zenophilus

502 737 615 822 V.
665 743 748 818 C.
791 737 1080 815 Consul.
1118 736 1632 814 crescentiano
1676 739 1899 828 dixit,
1951 738 2155 814 Nihil
2188 760 2360 836 ergo
2393 740 2650 818 datum

517 845 623 919 est
677 844 769 917 de
814 858 1014 914 ccco.
1066 836 1363 913 follibus
1411 836 1748 932 populo?
1826 836 2371 913 crescentianus
2420 841 2646 914 dixit:

516 943 765 1030 Nihil:
829 939 1080 1031 utique
1123 933 1559 1032 pervenisset
1606 937 1838 1028 aliqua
1877 940 2325 1033 partiuncula
2361 939 2445 1011 ad
2482 960 2652 1032 nos,

519 1040 968 1133 Zenophilus
1019 1037 1117 1114 V.
1166 1034 1246 1111 C.
1298 1034 1587 1113 Consul.
1639 1037 1862 1111 dixit:
1945 1039 2119 1137 Quo
2169 1033 2345 1133 ergo
2395 1037 2656 1115 sublati

519 1137 736 1217 sunt?
803 1135 1348 1230 crescentianus
1376 1134 1589 1210 dixit:
1655 1131 1945 1225 nescio:
1998 1158 2216 1213 nemo
2248 1139 2419 1211 nihil
2449 1160 2659 1212 acce·

520 1246 652 1339 pit.
756 1235 1248 1314 Nundinarius
1276 1234 1491 1309 dixit:
1542 1233 1803 1311 Victor
1832 1249 2015 1327 quot
2037 1237 2252 1312 folles
2284 1237 2524 1330 dedit,
2571 1248 2659 1311 ut

515 1335 739 1415 'fieret
780 1333 1229 1428 Presbyter?
1295 1332 1840 1410 crescentianus
1885 1337 2104 1408 dixit:
2167 1336 2342 1414 Vidi
2391 1339 2658 1410 allatos

526 1438 887 1532 cophinos
949 1454 1112 1510 cum
1167 1435 1492 1526 pecunia.
1606 1433 2056 1526 Zenophilus
2098 1437 2191 1510 V.
2233 1434 2315 1513 C.
2361 1434 2672 1512 Consul.-

523 1539 713 1612 dixit
743 1532 1289 1609 crescentiano:
1358 1532 1494 1608 Cui
1529 1531 1677 1607 dati
1708 1531 1867 1608 sunt
1901 1531 2248 1628 cophini?
2316 1535 2663 1609 Crescen-

525 1639 764 1709 tianus
812 1633 1031 1706 dixit:
1095 1631 1465 1724 Episcopo
1508 1631 1866 1706 Silvano.·
1947 1633 2393 1727 zenophilus
2427 1637 2527 1711 V.
2572 1634 2660 1709 C.

400 1761 405 1766 ’
470 1735 485 1752 ’
530 1732 803 1809 Consul
854 1731 1074 1808 dixit:
1140 1730 1435 1804 Silvano
1479 1730 1625 1804 dati
1675 1730 1887 1805 sunt?
1970 1733 2515 1810 crescentianus
2558 1734 2666 1806 di-

526 1836 680 1911 xit:
744 1830 1068 1926 Silvano.
1171 1829 1617 1923 zenophilus
1648 1833 1747 1911 V.
1783 1830 1866 1907 C.
1900 1831 2191 1932 Consul.
2231 1833 2446 1909 dixit:
2521 1831 2664 1905 Po-

530 1935 711 2031 pulo
759 1931 937 2006 nihil
984 1929 1226 2008 datum
1281 1927 1429 2006 est?
1504 1929 1951 2025 Respondit:
2019 1930 2243 2006 Nihil.
2343 1929 2663 2008 Necess'e

533 2031 684 2123 est,
737 2043 820 2103 ut
850 2028 918 2106 ἀ
949 2049 1091 2106 nos
1120 2030 1382 2122 aliquid
1409 2031 1895 2122 acciperemus
1917 2083 1943 2123 ‚
1993 2029 2040 2103 fi
2074 2029 2668 2104 distribuerentur

534 2133 718 2210 ficut
760 2128 966 2204 solet.
1066 2129 1510 2220 Zenophilus
1558 2130 1658 2204 V.
1703 2129 1786 2203 C.
1838 2128 2247 2204 Consularis
2287 2128 2670 2206 Nundina-

490 2233 652 2311 -1·io
702 2228 918 2302 dixit:
991 2228 1188 2333 Quid
1220 2227 1416 2302 'aliud
1456 2227 1545 2300 de
1579 2227 2096 2306 crescentiano
2132 2241 2342 2324 putas
2381 2227 2522 2305 ess'e
2553 2249 2668 2302 ree

541 2325 1019 2424 quirendum?
1082 2327 1573 2422 Nundinarius
1623 2328 1843 2404 dixit:
1909 2326 2141 2421 Ipsum
2189 2328 2307 2404 est.
2427 2328 2670 2403 Zenoo'

540 2430 781 2525 philus
835 2428 934 2506 V.
990 2426 1072 2503 C.
1127 2426 1415 2502 Consul.
1469 2423 1686 2502 dixit:
1770 2427 2137 2524 Quoniam
2188 2427 2279 2503 de
2330 2430 2670 2504 omnibus

538 2528 1088 2603 crescentianus
1129 2519 1635 2609 subdiaconus.
1669 2524 2074 2616 fimpliciter
2124 2526 2482 2602 confess'us
2533 2523 2671 2620 est,

535 2626 1078 2702 submoveatur.
1170 2623 1383 2700 -Item
1435 2623 1726 2702 indufto
1784 2622 1853 2696 δι
1912 2627 2278 2717 amplicito
2328 2625 2672 2720 Januario

444 2771 449 2777 -
547 2725 1055 2826 Subdiacon0‚
1106 2723 1549 2835 Zenophilus
1599 2727 1697 2802 V.
1745 2723 1829 2799 C.
1880 2724 2167 2797 Consul.
2204 2726 2422 2801 dixit:
2483 2725 2672 2827 Quis
