3200 4784
596 407 743 506 Lraaa
773 421 1015 505 sarriatur.
1141 391 1146 410 ⁸
1268 413 1354 524 ιη’

235 585 238 590 ’
264 587 414 677 mundi,
434 586 467 661 dr
484 586 530 661 sal
549 599 654 662 terra
669 590 800 664 merito
820 590 1100 682 appellabantur.
1149 585 1247 662 Dum
1268 587 1336 686 dp·

219 689 221 700 '
265 703 394 762 cerent
406 709 550 780 pacem,
570 689 686 763 adhuc
704 685 843 783 pacifici
861 691 1100 762 vocabantur.
1129 688 1334 780 Antequam

263 788 382 862 inflati
417 785 552 880 essent,
588 790 684 860 beati
710 803 838 880 erant,
874 790 918 861 de
944 800 1154 881 paupertate
1178 788 1334 880 spiritus,

264 909 350 981 pars
367 903 469 959 erant
485 887 716 972 condimenti.
754 887 852 960 Beati
867 903 989 976 erant,
1009 887 1091 959 dum
1109 888 1235 978 mitea‚'
1253 907 1334 978 pars

264 987 414 1062 fuerant
426 989 657 1061 condimenti.
683 1015 688 1022 ·
707 987 809 1058 Beati
823 987 906 1061 dum
917 986 1017 1078 justi,
1036 1005 1117 1080 pars
1133 1002 1233 1059 erant
1246 1008 1332 1059 con·

219 1105 221 1110 ·
264 1086 427 1160 dimenti.
486 1086 586 1158 Beati
607 1087 689 1160 dum
714 1084 880 1177 pacifici,
907 1099 1024 1159 totum
1045 1086 1188 1157 fuerant
1210 1086 1335 1184 condi·

265 1201 442 1260 mentum.
493 1184 619 1258 Postea
639 1205 744 1277 quam
762 1187 893 1257 erroris
911 1177 1054 1257 divitias
1072 1184 1251 1258 dederunt
1268 1182 1334 1273 spi·

262 1287 351 1359 ritui
374 1284 655 1375 &pulmonibus
680 1283 771 1375 suis,
797 1283 971 1356 facientes
990 1280 1152 1378 schisma,
1178 1285 1332 1364 immites

263 1384 407 1470 inventi
428 1382 524 1456 sunt:
552 1385 715 1455 &minus
733 1382 981 1456 misericordes
998 1383 1081 1455 duan
1102 1384 1209 1473 impie
1225 1403 1334 1454 mem·

264 1483 331 1556 bra
345 1479 509 1555 Ecclesiae
524 1483 740 1556 diviserunt:
766 1479 1018 1574 &injustitiam
1032 1479 1158 1566 secuti,
1183 1501 1331 1575 regnum
1383 1519 1386 1530 ν

263 1579 340 1654 Dei
363 1602 430 1676 pro
449 1580 588 1653 fastidio
613 1584 832 1655 habuerunt:
859 1582 892 1654 dt
915 1582 1113 1655 dividendo
1136 1577 1331 1653 Ecclesram

263 1684 464 1755 noluerunt
483 1681 552 1753 esse
568 1678 730 1772 pacifici,
755 1681 818 1775 ipsi
838 1680 919 1754 fasli
940 1679 1019 1753 sunt
1038 1680 1081 1754 sal
1103 1680 1331 1771 infatuatum,

264 1800 314 1856 ex
337 1799 409 1866 quo
427 1781 515 1851 nihil
533 1780 762 1869 condiretur,
789 1780 888 1868 quod
905 1780 989 1850 Deo
1006 1782 1049 1851 de
1068 1779 1242 1851 suavitate
1259 1780 1332 1869 pla-

266 1875 405 1948 cuisset.
456 1877 505 1949 Et
530 1899 610 1950 curn
633 1880 705 1950 hoc
728 1879 858 1954 malum
882 1880 1061 1970 pertineat
1085 1879 1128 1950 ad
1151 1879 1330 1971 principes

267 1974 432 2052 vestros.
459 1997 479 2048 a
496 1977 704 2068 quibusdam
712 1976 823 2050 sociis
844 1978 915 2051 tuis
933 1978 1036 2050 aliter
1052 1976 1265 2068 disputatur,
1291 1991 1335 2049 ut

266 2076 388 2149 dicant
402 2075 605 2167 insipienter
618 2075 719 2148 fuisse
736 2097 822 2170 eoa,
849 2077 909 2167 qui
927 2081 1156 2172 agnoverunt
1172 2078 1230 2149 vel
1249 2074 1330 2148 sero

267 2178 482 2258 veritatem,
508 2173 604 2247 &ab
624 2176 807 2251 schismate
826 2174 1057 2266 recedentes,
1085 2178 1200 2272 agnita
1219 2190 1335 2249 matre

268 2272 457 2347 Catholica
479 2272 589 2346 secuti
608 2269 688 2348 sum
708 2297 845 2370 pacem.
897 2276 977 2349 Hos
997 2290 1125 2365 putant
1144 2276 1250 2364 aliqui
1270 2298 1332 2347 ve·

265 2372 375 2447 strum
391 2371 535 2447 errasset
550 2374 620 2446 hos
634 2375 833 2449 existimant
847 2376 939 2478 quasi
951 2375 1148 2449 infatuatos
1165 2396 1184 2446 a
1198 2374 1331 2466 sapien-

265 2474 317 2545 tia
331 2471 509 2546 recessisse.
560 2471 670 2547 Unde
684 2491 832 2569 apparet
843 2496 915 2548 vos
931 2496 1057 2548 omnes
1074 2475 1202 2545 eodem
1217 2471 1330 2568 modo

267 2591 388 2646 errare
401 2572 437 2643 in
451 2573 654 2646 nominibus
669 2575 944 2647 transferendis:
967 2575 1047 2646 dum
1067 2572 1100 2643 dt
1118 2588 1158 2642 tu
1168 2572 1330 2666 Jamnem

265 2671 308 2741 a:
324 2670 523 2746 Mambrem
540 2670 700 2763 pacificis
719 2672 916 2747 Catholicis
936 2669 1172 2761 comparasti,
1210 2668 1243 2740 dt
1259 2690 1330 2742 vos

265 2768 507 2843 schismaticos
529 2772 650 2862 moyn
673 2772 812 2863 quoda
836 2773 992 2844 veritate
1014 2773 1165 2843 alienum
1185 2767 1261 2844 est:
1296 2768 1331 2841 dt

227 2879 230 2884 '
266 2868 373 2959 aliqui
389 2867 474 2941 socii
487 2868 541 2940 tui
554 2870 776 2963 insipientes,
802 2871 847 2943 de
862 2868 1076 2965 sapientibus
1089 2869 1248 2956 iudicare
1262 2888 1331 2939 vo·

265 2970 435 3049 luerunt,
457 2983 498 3039 ut
517 2967 636 3042 dicant
654 2967 775 3042 fatuos
793 2968 907 3042 fastos
925 2969 992 3042 eise
1011 2964 1199 3062 pacificos:
1227 2967 1331 3059 &pa-

222 3125 225 3130 ,
266 3083 388 3139 rentes
409 3065 492 3140 suos
509 3069 781 3146 de'dislenstone
797 3069 995 3144 infatuatos
1013 3067 1104 3162 effe,
1129 3069 1330 3163 intelligere
1367 3064 1374 3077 ’

266 3169 477 3242 noluerunt.

291 3287 294 3292 ·
344 3266 376 3333 6.
403 3265 477 3355 Jam
506 3266 549 3339 ad
571 3269 670 3341 illurn
698 3271 820 3341 locum
847 3268 983 3341 invidia
1006 3265 1123 3341 vestra
1149 3266 1329 3358 dilabitur,

266 3376 310 3436 ut
330 3362 455 3435 dicatis
473 3367 670 3441 Macarium
693 3367 850 3460 postilla
870 3368 961 3441 fasta
985 3368 1229 3441 communioni
1251 3383 1330 3438 non

270 3460 427 3536 debuisse
447 3461 601 3536 misceri:
627 3466 686 3538 sed
703 3469 813 3561 magis
832 3489 851 3536 a
867 3468 1053 3539 catholicis
1071 3465 1256 3558 Episcopis
1271 3465 1331 3535 ab·

269 3561 400 3635 stineri.
432 3562 570 3635 Primo
595 3567 859 3637 communionis
880 3587 988 3637 unum
1010 3565 1060 3637 est
1080 3585 1237 3652 nomen,
1272 3559 1331 3633 sed

270 3660 399 3734 diversr
424 3659 504 3734 sunt
526 3661 636 3736 modi.
688 3664 798 3736 Aliud
825 3663 876 3735 est
896 3663 1161 3756 communicare
1184 3660 1332 3753 Episto-

271 3781 357 3853 pum
384 3782 462 3835 curn
491 3758 698 3854 Episcopot
734 3764 767 3835 dc
793 3763 887 3835 aliud
913 3759 1177 3836 communicare
1201 3762 1331 3838 laicum

271 3880 354 3931 curn
372 3857 564 3953 Episcopo.
616 3861 725 3933 Tunc
742 3877 820 3934 erat
840 3883 971 3957 grave,
998 3862 1022 3935 st
1037 3859 1216 3934 Macarius
1233 3859 1331 3949 quod

271 3957 394 4032 fecisse
415 3959 564 4053 dicitur,
590 3952 648 4040 sita
665 3964 856 4034 voluntate
877 3960 1031 4034 fecisset:
1058 3961 1177 4053 quod,
1203 3961 1262 4051 qui
1283 3957 1333 4030 sa·

273 4060 402 4155 ciunt,
437 4059 567 4170 fastum
590 4063 732 4162 judiciis
757 4062 910 4246 pusillicis
939 4062 1167 4140 &Romanis
1196 4059 1333 4225 legigus

886 4185 909 4267 3
993 4171 1000 4192 ⁸
1184 4158 1310 4253 «ϊω-
