3200 4784
239 470 244 489 .
302 396 373 486 578
558 377 884 459 Monumaura
909 384 1121 469 Vesana

301 564 428 649 parte,
454 542 582 637 idest,
603 542 706 640 gestis
725 545 828 639 primi
845 546 914 620 diei
935 551 1131 649 recitatis,
1163 561 1230 633 ubi
1253 566 1369 641 accusa·

299 668 401 726 tores
420 645 619 735 Caeciliani,
645 644 704 733 qui
724 645 809 719 milli
824 645 985 739 fuerant,
1011 672 1260 748 negaverunt
1277 665 1308 739 se
1322 670 1368 741 ha·

299 755 411 840 bere,
445 744 544 838 quod
563 744 599 816 in
621 763 701 815 eum
724 744 907 836 dicerent,
933 750 992 821 ubi
1016 755 1134 830 etiam
1162 758 1368 841 Donatusa

300 849 394 923 Casia
413 847 520 940 nigris
540 846 576 915 in
593 842 750 935 praesenti
767 845 954 917 convictus
973 847 1046 941 est,
1066 855 1198 930 adhuc
1213 861 1366 941 Diaconu

300 947 494 1022 Caeciliano
519 941 665 1015 schisma
691 940 812 1014 secilse
839 942 1075 1043 Carthagine,
1125 957 1178 1031 de
1200 956 1364 1059 Carthagi.

218 1068 221 1077 ·
296 1050 351 1124 nis
367 1048 461 1119 enim
480 1042 666 1116 schismate
682 1055 810 1112 exorta
828 1040 879 1114 est
899 1046 1066 1122 adversus
1085 1052 1296 1135 Ecclesiam
1315 1064 1364 1137 Ca.

296 1148 470 1222 cholicam
491 1161 572 1235 pars
588 1141 749 1216 Donati,
780 1142 842 1213 ubi
865 1147 969 1218 etiam
994 1146 1256 1238 promiserunt
1274 1164 1361 1238 iiden

296 1241 485 1321 adversarii
506 1238 682 1311 Caeciliani
704 1241 774 1311 alio
790 1240 848 1312 die
864 1242 898 1313 se
909 1246 1271 1350 repraesentaturos,
1287 1284 1358 1354 quor
1412 1334 1414 1343 ,

296 1343 407 1419 causae
421 1337 633 1415 necessarios
646 1337 850 1411 subtraxisse
863 1347 1120 1445 arguebantur,
1140 1357 1357 1435 &hocmen
1412 1392 1414 1440 ς

295 1447 351 1519 titi
378 1444 528 1514 ulterius
557 1439 600 1509 ad
623 1437 794 1529 judicium
818 1444 991 1516 accedere
1016 1444 1248 1533 noluerunt.
1298 1462 1355 1535 Hac
1413 1494 1414 1497 ¹

293 1566 381 1641 ergo
396 1539 519 1634 judicii
538 1551 640 1630 parte
654 1539 804 1609 recitata
819 1560 900 1613 cum
915 1545 1073 1636 coepillet
1085 1534 1270 1652 recitari,
1290 1561 1352 1653 quil
1412 1602 1414 1630 .

293 1647 365 1719 alio
390 1643 446 1714 die
468 1636 601 1737 gestum
623 1636 683 1727 srt,
710 1637 981 1731 interruperunt
995 1642 1232 1736 Donatistae‚
1260 1660 1350 1752 &pe
1409 1696 1414 1735 l

291 1760 370 1817 tere
392 1737 628 1816 instantissime
646 1751 853 1831 coeperunt,
887 1756 928 1811 ut
946 1743 1045 1834 prius
1068 1768 1141 1843 ea,
1181 1777 1268 1847 quae
1284 1760 1350 1833 offe
1410 1787 1414 1802 “

288 1845 441 1932 rebant,
467 1839 726 1925 recitarentur,
753 1835 1034 1916 asserentesnon
1050 1845 1124 1920 else
1142 1857 1309 1951 ordinis,
1325 1871 1350 1931 ut
1410 1887 1414 1958 1

288 1944 386 2035 prius
410 1937 587 2011 absolutio
612 1935 811 2026 Caeciliani,
848 1959 951 2029 quem
978 1946 1147 2024 nondum
1174 1958 1351 2033 accusare·
1407 1977 1414 2038 l

287 2057 393 2129 rant,
421 2039 631 2132 legeretur3
668 2034 701 2104 ἃ
728 2035 773 2107 de
794 2037 868 2109 hoc
890 2042 1081 2130 aliquando
1108 2048 1257 2130 diutius
1282 2080 1347 2131 cou-
1403 2065 1414 2135 i

286 2141 467 2215 siluerunt.
520 2132 610 2205 Cum
633 2133 811 2235 Catholici
837 2138 1019 2231 dicerent,
1051 2163 1133 2219 non
1156 2151 1297 2231 debere
1313 2161 1346 2230 iu
1402 2185 1414 2256 p

286 2237 482 2328 tetrumpi,
508 2234 606 2324 quod
621 2233 688 2325 legi
699 2233 770 2321 jam
788 2254 966 2329 c-oeperat,
987 2240 1110 2315 donec
1128 2251 1297 2341 eiusdem
1308 2262 1345 2352 ju·
1402 2283 1414 2332 r

284 2340 366 2412 dicii
389 2336 508 2410 omnia
525 2330 619 2429 gesta
639 2331 937 2430 terminarentur,
963 2340 1011 2411 illi
1032 2356 1159 2420 autem
1180 2356 1343 2428 ediverso

285 2438 492 2525 assererent,
505 2455 581 2523 quae
592 2434 952 2527 interrumpebantur,
964 2459 1032 2510 nec
1049 2445 1167 2538 incipi
1187 2453 1341 2545 debuisse,

282 2555 324 2610 ut
345 2542 573 2631 legerentur,
602 2533 768 2621 quoniam
794 2554 868 2605 non
891 2553 1147 2638 competeret,
1175 2555 1280 2640 prius
1300 2559 1340 2627 de·

281 2639 379 2712 feudi
397 2637 597 2721 hominem,
626 2652 727 2723 quam
747 2633 919 2721 accusari3
948 2639 990 2708 ad
1007 2639 1079 2712 hoc
1094 2644 1289 2725 Catholici
1302 2678 1339 2727 re·

280 2737 529 2829 spondebant,
566 2751 645 2802 cum
667 2729 767 2800 causa
786 2732 981 2807 schismatis
1002 2759 1020 2809 a
1042 2748 1250 2836 cognitore
1268 2776 1339 2846 qua·

279 2852 431 2924 teretur,
448 2829 597 2925 petiisse,
611 2841 652 2901 ut
667 2831 724 2900 illa
738 2831 957 2924 legerentur,
973 2857 1051 2926 quae
1065 2844 1197 2919 oblata
1214 2850 1338 2926 fueraut

278 2938 320 3007 ad
335 2934 537 3027 legendum,
551 2950 629 3000 cum
643 2942 806 3023 ageretur
817 2931 861 3002 de
872 2934 1021 3023 persona
1036 2944 1241 3038 petitoris3
1270 2956 1337 3026 duas

205 3031 207 3037 ’
275 3037 397 3123 itaque
412 3034 460 3103 ob
479 3050 535 3102 res
548 3030 605 3098 illa
622 3027 774 3099 uoluisse
789 3034 957 3125 recitari,
981 3049 1021 3106 ut
1035 3034 1259 3145 appareret,
1286 3072 1336 3125 eor

274 3134 438 3226 primitus
463 3131 499 3200 in
524 3130 591 3200 hac
614 3129 714 3198 causa
741 3129 924 3203 hominem
948 3133 1108 3224 judicem
1140 3148 1335 3242 postulasse,

272 3238 332 3321 qui
352 3230 546 3301 Catholicis
568 3227 748 3298 faciebant
767 3229 958 3322 invidiam,
992 3237 1090 3323 quod
1111 3242 1150 3313 in
1177 3246 1251 3321 hac
1274 3253 1333 3323 col.

272 3334 408 3404 latione
430 3330 543 3401 homo
559 3327 728 3419 cognitor
741 3326 933 3423 residebat,
963 3331 1050 3406 &ut
1064 3333 1246 3428 petitoris
1268 3372 1332 3445 per·

269 3428 356 3504 sona
378 3428 578 3518 constaret,
607 3426 822 3515 &quoniam
841 3429 910 3523 legi
932 3447 1048 3522 coepta
1062 3435 1242 3540 fueraut,
1270 3470 1329 3523 nou

268 3531 402 3603 debere
420 3527 648 3616 interrumpi,
669 3522 854 3616 fedusque
870 3530 911 3600 ad
928 3529 1033 3604 finem
1047 3541 1250 3620 recitando
1266 3570 1328 3642 per·

266 3630 359 3701 duci.
411 3631 507 3698 lnter
532 3627 607 3696 haec
625 3624 793 3717 cognitor
815 3634 894 3699 cum
914 3631 987 3701 hoc
1005 3634 1127 3722 primo
1149 3648 1325 3738 voluisset,

264 3729 362 3819 quod
380 3749 397 3799 a
416 3726 610 3797 Catholicis
628 3724 836 3815 petebatur,
864 3742 904 3798 ut
919 3752 979 3817 ea,
1008 3753 1085 3821 quae
1101 3743 1256 3818 recitari
1269 3770 1325 3819 coe·

259 3843 406 3916 perant,
432 3823 641 3912 finirentur,
668 3823 791 3914 postea
805 3837 924 3897 tamen
942 3831 975 3900 ei
988 3829 1194 3911 Donatistae
1213 3864 1325 3919 extor-

256 3920 399 4038 serunt,
426 3938 467 3992 ut
483 3945 545 4015 ea,
573 3945 649 4015 quae
667 3922 729 4017 ipsi
752 3922 978 4023 offerebant,
1004 3930 1122 4006 dilatis
1137 3940 1238 4038 illis,
1263 3947 1322 4044 legi

247 4037 562 4123 permitterentur.

1396 4067 1414 4122 -ς
1393 3673 1414 4018 ‘Qu-*⁶0⁴3
1392 2779 1414 3624 t-ffl—osrs-:-*a*-n—-=r-mffl·-u—ae
1396 2684 1414 2731 m
1397 2482 1414 2633 (τιν’-ο
1404 2384 1414 2432 ..-

1195 4143 1277 4241 Cap.
