3200 4784
286 412 359 507 ³4⁶
446 368 448 373 Ι
529 348 1090 505 ..Μοιὶυκικτινξπιιι
1197 454 1201 463 ·

287 570 384 645 lestis
402 565 565 641 examine
581 568 644 637 vel
659 566 813 659 probata
827 554 1009 659 prdmium
1026 565 1172 659 afferat,
1200 562 1357 647 v'el'lae'sa
1396 576 1399 581 '

284 670 474 765 judicium,
487 680 528 739 ut
544 665 686 738 tandem
703 662 925 756 praesentium
941 666 1264 760 disceptationibus
1279 664 1356 761 Epi·

287 771 482 862 scoporum
509 763 726 839 manifestius
753 765 887 839 veritas
914 765 1117 859 elucescat,
1159 765 1355 861 Imperialis

288 870 452 963 primitus
472 862 816 956 sermomonem,
833 880 888 956 ut,
903 867 1066 957 inqoem
1079 865 1229 941 modum
1249 882 1357 957 atque

237 986 239 995 '
288 969 442 1045 sormam
464 965 507 1038 s1t
531 961 747 1054 suscipienda
772 960 961 1060 cognitio,
987 968 1031 1038 ab
1056 966 1226 1039 omnibus
1250 966 1355 1058 pollit

265 1066 452 1158 adverti,
478 1064 565 1137 lieet
582 1084 659 1136 eam
677 1057 812 1135 cuntiis
830 1063 1023 1138 innotuisse
1039 1065 1090 1137 sat
1108 1066 1243 1139 clarum
1263 1066 1319 1141 rit

364 1191 399 1255 4.
432 1165 606 1235 Martialis
630 1178 770 1259 exceptor
796 1170 969 1235 recitauit.-
1010 1165 1255 1257 Imperatores
1284 1163 1354 1239 Cae·

287 1266 379 1345 sares
412 1264 558 1338 Flavius
590 1262 778 1335 Honorius
813 1263 848 1336 dt
879 1260 1107 1337 Theodosius
1143 1267 1221 1356 pii,
1266 1263 1355 1338 Feli·

289 1388 379 1457 ees,
416 1364 612 1451 Vitiores,
646 1382 688 1434 ac
721 1362 999 1455 triumphatores
1031 1362 1168 1456 semper
1203 1360 1378 1460 Augusti

191 1551 192 1558 ἵ
281 1464 419 1541 'Flavio
444 1462 660 1573 Marcellinp
692 1460 755 1533 suo
788 1459 945 1537 salutem.
994 1462 1093 1536 Inter
1119 1464 1265 1556 imperii
1293 1484 1355 1537 no·

287 1566 348 1641 stri
379 1567 547 1636 maximas
581 1581 682 1632 curas
708 1556 906 1634 Catholicae
937 1564 1024 1658 legis
1055 1564 1264 1635 reverentia
1299 1574 1357 1635 aut

287 1670 401 1759 prima
420 1662 556 1755 semper
573 1675 634 1733 aut
651 1658 724 1733 sola
742 1658 812 1733 est:
838 1682 955 1751 neque
970 1664 1063 1736 enim
1078 1662 1172 1734 aliud
1190 1676 1256 1733 aut
1272 1663 1356 1737 belli

288 1766 474 1839 laboribus
490 1762 645 1855 agimus,
673 1774 733 1832 aut
753 1760 850 1854 pacis
867 1762 1021 1833 consiliis
1038 1762 1270 1855 ordinamus,
1296 1759 1355 1835 nist

289 1880 331 1937 ut
346 1882 472 1935 verum
489 1861 558 1933 Dei
574 1862 710 1932 cultum
729 1860 827 1932 orbis
840 1859 951 1933 nostri
967 1863 1067 1953 plebs
1085 1861 1225 1933 devota
1237 1859 1355 1967 custo·

290 1964 386 2052 diat,
407 1976 448 2033 ut
465 1962 571 2034 etiam
583 1958 789 2032 Donatistas
802 1960 864 2032 vel
877 1974 1018 2033 terrore
1033 1961 1094 2032 vel
1110 1961 1255 2032 monitu
1271 1962 1355 2033 olim

289 2065 439 2154 implere
455 2073 702 2149 convenerat,
723 2059 782 2149 qui
797 2056 977 2150 Africam,
996 2062 1069 2133 hoc
1085 2056 1149 2147 est,
1171 2062 1274 2155 regni
1293 2079 1354 2133 no·

289 2160 349 2237 stri
368 2160 555 2235 maximam
572 2174 727 2252 partem,
762 2157 795 2229 &
817 2155 1037 2231 saecularibus
1054 2156 1181 2232 officiis
1198 2156 1353 2231 fideliter

289 2260 525 2349 servientem,
551 2278 649 2329 vano
673 2276 799 2330 errore
823 2258 857 2329 ἃ
878 2256 1088 2331 dissensione
1103 2256 1283 2351 superflua
1299 2259 1354 2331 de·

292 2362 473 2434 colorant.
534 2355 616 2429 Nos
643 2370 762 2430 tamen
790 2357 914 2432 eadem
945 2358 1169 2448 frequentius
1199 2379 1279 2431 non
1309 2358 1355 2451 pi·

291 2474 355 2557 get
377 2460 574 2552 replicare,
601 2477 677 2547 quc
696 2457 856 2529 omnium
877 2471 978 2530 retro
997 2457 1200 2551 Principum
1218 2457 1353 2530 devota

289 2564 327 2633 in
346 2559 464 2631 Deum
485 2555 652 2630 definivit
670 2554 881 2642 austeritas,
906 2578 953 2630 ne
971 2561 1194 2650 temporibus
1213 2556 1354 2645 nostris,

290 2661 401 2750 siquid
422 2658 518 2731 forte
534 2658 570 2729 in
588 2658 748 2747 injuriam
767 2658 852 2751 legis
871 2657 1068 2730 Catholicae
1085 2657 1194 2733 fuerit
1207 2678 1354 2752 genera-

291 2771 387 2850 tum,
410 2755 506 2847 Justo
517 2758 654 2847 J‘udicio
669 2756 742 2828 hoc
759 2759 867 2828 nobis
883 2757 987 2850 possit
1008 2760 1183 2850 imputare
1205 2757 1352 2848 posteri·

290 2872 357 2931 tas.
406 2857 490 2928 Nec
506 2855 587 2928 sane
602 2858 690 2927 latet
709 2853 964 2930 conscientiam
983 2855 1139 2929 nostram
1156 2854 1275 2929 sermo
1290 2878 1354 2929 coe·

290 2957 385 3029 lestis
407 2957 566 3046 oraculi,
600 2976 703 3044 quem
726 2957 839 3026 errori
862 2956 925 3027 suo
948 2956 1048 3048 posse
1069 2952 1250 3048 proficere
1264 2954 1352 3028 saeva

289 3055 559 3129 Donatistarum
581 3055 833 3146 interpretatio
855 3053 1074 3148 profitetur3
1111 3057 1175 3147 qui,
1192 3056 1352 3146 quamvis

290 3157 507 3245 depravatos
531 3155 668 3227 animos
692 3155 735 3224 ad
752 3153 1015 3227 comestionem
1031 3156 1150 3227 mitius
1163 3155 1351 3246 invitaret,

290 3253 427 3328 aboleri
455 3274 534 3324 eum
554 3266 674 3325 tamen
697 3255 803 3325 etiam
828 3267 911 3325 ante
931 3254 1109 3344 jussimus,
1141 3274 1191 3326 nc
1214 3274 1284 3345 qua
1303 3252 1352 3327 su·

289 3354 557 3449 perstitionibus
577 3351 797 3440 praestaretur
814 3353 968 3425 occasio.
1005 3353 1043 3424 N
1046 3373 1116 3424 unc
1130 3373 1279 3445 quoque
1294 3375 1353 3429 ex·

289 3453 500 3528 eludendam
517 3450 786 3541 subreptionem
808 3451 906 3524 fimili
927 3451 1139 3525 undositate
1154 3451 1352 3546 censemus,

288 3555 377 3628 illud
390 3554 519 3626 merito
533 3549 764 3644 profitemur,
790 3552 944 3623 libenter
959 3573 1026 3624 nos
1042 3576 1102 3643 ea,
1131 3572 1207 3643 quc
1222 3552 1353 3627 statuta

288 3655 454 3740 fuerant,
480 3647 713 3739 submovere,
739 3672 786 3723 ne
800 3653 836 3722 in
857 3650 1017 3725 divinum
1034 3655 1169 3725 cultum
1188 3655 1296 3726 nobis
1320 3650 1354 3726 se

288 3756 471 3844 quisquam
487 3749 688 3822 ausloribus
701 3748 848 3823 aestimet
862 3749 960 3842 posse
971 3774 1132 3845 peccare.
1168 3750 1218 3823 Et
1231 3772 1351 3841 quiam·

288 3853 346 3925 vis
370 3872 441 3923 una
460 3851 502 3922 fit
522 3853 681 3924 omnium
706 3850 737 3921 δι
759 3850 943 3923 manifesta
962 3849 1136 3925 sententia
1154 3851 1354 3925 Catholicae

288 3951 377 4042 legis
399 3952 541 4039 plenam
567 3951 757 4023 veritatem
778 3949 880 4024 resto
898 3952 1082 4024 hominum
1107 3954 1208 4024 cultu
1231 3954 1355 4043 &coc-

212 4058 214 4065 ’
250 4082 254 4093 ·
286 4046 565 4126 renitententis
588 4054 880 4146 comprobatam,
904 4049 1021 4125 studm
1042 4051 1139 4147 pacis
1160 4050 1193 4124 dr
1217 4058 1355 4150 gratie,
1409 4072 1412 4113 ³

1192 4175 1308 4226 uene-
