3200 4784
413 372 1194 483 nnDore-rr1srtnuuH1'sronrs.
1270 389 1343 483 5⁶7

259 542 399 618 thelica
422 544 531 615 dixit:
563 540 676 616 Serva
703 545 791 636 tibi,
820 541 919 636 quod
940 543 1206 637 reprehendas,
1233 543 1259 619 fi
1282 545 1347 620 ali·

261 644 357 739 quid
375 643 645 717 contradicitur.
675 645 721 714 Et
736 645 802 714 alia
817 667 924 717 manu.
951 641 1181 738 Recognovi.

352 764 433 835 271.
462 746 674 814 Marcellinus
689 748 743 813 uir
757 739 946 836 clorrffimur
960 739 1170 818 Tribunus&
1181 745 1344 817 illotarius

260 835 378 916 'dixirr
406 839 574 915 Promilla
591 843 762 933 patientia
780 843 988 937 praebeatur.
1009 847 1202 939 *Montanus
1221 845 1344 938 Episco-

258 965 330 1040 pus
342 945 447 1012 dixit:
474 942 631 1038 Quando
648 944 771 1015 omnia
784 946 822 1015 in
838 944 956 1015 animo
971 942 1196 1032 retinentur,
1222 943 1246 1016 sr
1263 963 1342 1017 non

267 1045 317 1115 ad
340 1041 473 1136 fingula
491 1037 779 1132 respondeamus.
833 1043 1087 1118 Etalr'auauu.
1137 1042 1341 1116 Montanus
1379 1039 1381 1042 ’

263 1139 471 1234 Episcopus
487 1141 699 1236 recognovi.
752 1143 962 1212 Marcellinus
979 1146 1034 1211 vir
1054 1137 1239 1231 clarifflmus
1261 1143 1339 1213 Tri-r

266 1241 373 1312 hunus
395 1241 432 1315 o
457 1243 620 1312 Notarius
641 1243 748 1310 dixit.-
780 1239 965 1314 Tenorem
983 1239 1156 1313 uniuersae
1180 1239 1339 1334 epistola

262 1342 451 1435 ,patienter
476 1338 617 1412 constat
641 1341 828 1428 auditum,
866 1339 1087 1430 consequens
1114 1338 1184 1432 est,
1218 1354 1260 1413 ut
1285 1361 1340 1414 re-

266 1439 461 1534 sponsione
477 1439 520 1509 ad
536 1439 667 1533 fingula
684 1441 862 1532 patienter
880 1439 1000 1511 audire
1017 1438 1219 1535 dignemini.
1319 1447 1335 1464 “

349 1561 429 1630 272.
455 1538 651 1635 Augustinus
678 1539 842 1634 Episcopus
866 1536 1003 1634 Eccluſsae
1032 1531 1199 1610 Catholicu
1226 1540 1338 1610 dlxii:

267 1634 361 1712 Ideo
384 1638 417 1709 dr
438 1637 497 1710 illa
520 1637 720 1728 conscripta
739 1636 841 1730 sunt,
869 1637 995 1710 &haec
1010 1638 1249 1730 excipiuntur.
1299 1638 1337 1711 Si
1369 1663 1373 1681 ·

269 1739 358 1828 quid
375 1738 583 1810 memoriam
600 1737 710 1829 fallit,
738 1737 856 1832 &ego
871 1735 1007 1829 polium
1021 1751 1169 1831 petere,
1195 1751 1236 1808 ut
1249 1738 1336 1811 mihi

267 1838 317 1909 de
337 1835 485 1927 epistola
504 1839 697 1927 recitetur,
730 1836 842 1929 &ipsi
860 1835 1026 1931 poliunt,
1063 1850 1104 1908 ut
1121 1837 1190 1908 illis
1207 1858 1253 1908 ex
1274 1857 1336 1907 co-

265 1935 408 2033 dicibus
421 1938 608 2027 recitetur,
626 1937 785 2028 prebere
799 1933 984 2010 filontium.
1012 1933 1170 2030 Agamus
1191 1936 1332 2028 aliquid.

265 2035 323 2107 Ut
342 2055 429 2131 ergo
450 2036 570 2109 dicere
586 2055 783 2127 coeperam,
810 2035 889 2128 iplrs
907 2035 1206 2127 admonentibus,
1234 2036 1336 2107 inue-

264 2139 387 2228 nimus
400 2135 436 2207 in
455 2134 635 2228 scripturis
650 2134 771 2207 mundi
787 2155 921 2208 nomen
937 2135 973 2207 in
990 2138 1108 2225 malo,
1135 2134 1255 2207 mundi
1268 2155 1345 2208 no-·

266 2254 353 2308 men
368 2235 531 2308 inbono.
582 2232 677 2306 Nam
696 2234 818 2308 mundi
835 2255 968 2308 nomen
982 2236 1017 2308 in
1030 2237 1146 2327 malo,
1167 2233 1255 2306 srcut
1271 2233 1333 2325 ipsr

266 2332 456 2408 dixerunt:
492 2335 538 2405 Et
557 2337 692 2405 mundus
712 2358 780 2405 eum
798 2359 863 2405 nou
884 2341 1046 2428 cognouit:
1072 2334 1127 2404 &2
1154 2337 1194 2402 Si
1211 2338 1266 2428 qui
1284 2335 1335 2400 di·

264 2432 384 2502 lexerit
399 2437 566 2519 muudum,
585 2459 653 2504 uun
667 2434 707 2528 esi
720 2436 862 2503 charitas
875 2440 979 2528 patris
996 2438 1031 2500 in
1047 2433 1121 2516 illu,
1140 2430 1172 2502 &
1190 2445 1361 2527 caetera.3

263 2528 397 2604 Mundi
418 2538 538 2607 autem
558 2553 692 2606 nornen
712 2533 885 2603 inbono:
918 2535 966 2601 Ur
979 2531 1083 2600 credat
1098 2531 1242 2611 muudus,
1259 2554 1332 2625 que-

263 2636 354 2700 niam
379 2647 414 2698 ru
441 2657 488 2723 me
507 2630 624 2726 ruffilli.
676 2629 767 2703 Non
788 2631 882 2703 enim
903 2631 1052 2702 credere
1074 2629 1249 2702 malorum
1268 2627 1330 2705 est.

264 2728 399 2800 Mundi
416 2748 551 2801 nomen
571 2728 740 2801 inbono:
767 2732 962 2814 nlonumir,
981 2745 1019 2811 ur
1031 2729 1151 2827 judicet
1169 2729 1330 2815 muudum,

257 2829 317 2919 sed
340 2844 378 2896 ur
392 2827 541 2915 firlvrtur
556 2824 691 2898 mundus
708 2830 894 2924 peripsum.
945 2828 1036 2903 Non
1055 2827 1248 2902 salvabitur
1267 2827 1331 2901 nist

262 2923 425 3001 Ecclesra
449 2930 487 3000 in
511 2927 660 3004 mundo.
712 2927 804 3004 Cum
827 2949 914 3024 ergo
937 2928 1023 3000 &in
1043 2931 1145 3000 bono
1163 2927 1332 3016 mundus,
1346 2946 1351 2985 ·.

264 3027 302 3098 δι
323 3032 359 3097 in
384 3029 479 3099 malo
499 3029 675 3120 mundus,
705 3027 802 3102 unde
820 3027 882 3102 illa
900 3025 1150 3121 scripturarum
1172 3025 1272 3100 rixa?
1305 3025 1332 3100 sr

261 3125 646 3220 interledorecarear,
673 3127 801 3202 adhibe
818 3130 938 3202 lumen'
953 3128 1219 3223 intelligentie,
1246 3125 1332 3198 vide

261 3227 436 3298 mundum
460 3227 496 3297 in
520 3230 616 3300 malo
637 3248 763 3300 omnes
784 3226 974 3300 dilediorea
996 3228 1244 3319 temporalium
1265 3243 1330 3318 per

260 3323 451 3396 universas
468 3344 615 3420 gentes,
641 3328 727 3399 vide
742 3328 912 3401 mundum
930 3328 1080 3401 inbono
1100 3345 1227 3399 omnes
1243 3321 1331 3396 fide·

259 3425 319 3496 les
336 3424 368 3493 &
385 3421 481 3515 spem
496 3440 661 3520 gerentes
675 3443 817 3499 aeternae
828 3427 911 3498 vitae
924 3447 987 3520 per
1000 3423 1181 3498 universas
1192 3436 1330 3519 gentes.

263 3526 440 3603 Druserat
453 3528 489 3592 iu
500 3525 639 3606 Clrrillu,
659 3526 796 3618 inquit,
814 3528 967 3595 mundum
982 3525 1184 3598 reconcilians
1198 3523 1265 3612 fili.
1292 3521 1330 3593 si
1371 3576 1374 3584 .

261 3623 493 3696 reconciliari
516 3623 637 3717 potest
661 3625 744 3699 Deo
771 3625 965 3699 'detestatus
988 3626 1049 3697 ille
1076 3624 1250 3712 mundus,
1285 3621 1330 3694 de

265 3744 340 3812 quo
369 3720 499 3797 dilium
524 3721 598 3814 est,
625 3728 704 3814 quia
728 3747 804 3798 non
829 3725 880 3798 est
897 3728 1048 3801 charitas
1068 3719 1194 3796 Christi
1211 3724 1250 3796 in
1268 3741 1331 3814 eo,

265 3823 327 3912 qui
345 3821 509 3894 dilexerit
524 3823 716 3914 mundum,
732 3826 916 3916 judicent,
933 3827 990 3916 qui
1005 3825 1217 3914 loquuntur.
1253 3818 1331 3892 Au·

267 3921 344 3992 diat
359 3942 447 4019 ergo
464 3925 643 4017 patienter
660 3926 830 3998 nobilitas
847 3939 920 3999 tua.
960 3922 1095 4021 *Video
1112 3920 1332 4016 Scripturam

270 4018 421 4096 santiam
436 4045 502 4116 per
518 4025 737 4099 commixtos
755 4027 877 4201 *llum
898 4023 931 4097 dr
948 4025 1084 4128 malos,
1109 4021 1197 4100 licut
1210 4020 1272 4133 ipsi
1288 4020 1333 4092 de

632 4133 634 4140 '
811 4142 836 4198 n
861 4143 886 4213 4
1205 4132 1288 4192 retr·

669 4454 743 4470 .-,.,
885 4398 1045 4470 ..μ’
