3200 4784
392 430 465 485 ns
490 375 901 505 Dous'rm'rpnuu
924 358 1187 513 llts'idurnss¹
1260 427 1333 505 357

200 620 221 665 2
291 632 295 643 .
341 593 358 645 1
363 574 397 662 ς.
424 562 638 644 Marcesinur
655 577 713 643 vir
727 567 918 669 claraffimus
935 562 1096 643 Tribunus
1109 564 1150 646 (s
1162 572 1327 653 Notarius

219 724 223 749 τ
261 675 369 747 dixit:
386 670 554 769 ¹Alterius
573 692 718 763 quoque
736 673 846 765 partis
863 671 1037 744 recitetur
1053 668 1214 762 epistola.

219 762 221 769 ’
295 786 299 793 ·
339 775 394 842 16.
423 774 574 843 Romulus
593 791 734 867 exceptor
749 775 933 842 recitavit.-
968 769 1186 842 Honorabili
1207 790 1251 842 ac
1272 772 1323 847 di-

200 919 219 968 ,3
255 869 439 946 ledisstmo
463 869 567 962 silio,
601 874 684 951 viro
701 872 886 945 clarissrmo
906 866 1134 962 &spestabili
1150 866 1320 946 Tribuno

200 1021 216 1069 ,r
258 971 294 1044 sc
310 971 469 1042 Notario
487 971 727 1060 Marcellin0,
754 972 943 1063 Aurelius,
968 968 1167 1061 Sylvanus,
1194 968 1319 1044 &uni-

200 1122 215 1137 .
255 1070 349 1143 verll
366 1068 533 1162 Episcopi
556 1070 746 1145 Catholici.
797 1068 925 1142 Edislo
951 1067 1212 1162 spectabilitatis
1232 1084 1319 1165 tuae,
1402 1102 1406 1115 ·

200 1220 214 1267 3,
256 1191 332 1261 quo
349 1168 477 1241 nostrae
492 1172 696 1242 collationis
714 1170 961 1267 tranquillitati
979 1168 1162 1261 quietique
1177 1166 1319 1242 servan-

200 1297 212 1366 3.
256 1271 309 1342 dae
332 1268 528 1341 &veritati
549 1269 810 1343 manifestandae
828 1262 1097 1359 muniendaeque
1113 1265 1317 1343 consultum

200 1426 210 1469 3
255 1367 320 1461 est,
338 1370 374 1455 in
388 1369 554 1440 omnibus
571 1391 637 1441 nos
653 1368 870 1458 consentire,
888 1368 978 1443 sicut
991 1368 1182 1440 admonere
1198 1367 1317 1463 digna·

200 1518 210 1567 ς
254 1481 313 1541 tus
337 1489 393 1558 es,
421 1487 485 1560 per
507 1469 568 1539 has
584 1469 719 1541 litteras
737 1466 961 1559 intimamus,
977 1469 1051 1540 hoc
1070 1464 1141 1557 est,
1161 1464 1316 1541 deloco

202 1600 208 1669 5
257 1567 479 1659 &tempore
507 1568 611 1658 ipsius
637 1570 843 1642 collationis
869 1568 902 1640 δι
930 1567 975 1638 de
994 1584 1145 1639 numero
1172 1584 1321 1659 eorum,-

200 1718 208 1747 ,
256 1687 348 1757 quos
369 1663 555 1759 presentes
580 1666 650 1740 else
670 1670 870 1759 oportebit.
922 1665 1172 1739 consentimus
1193 1666 1315 1757 etiam,

200 1760 207 1829 .’
253 1780 297 1836 ut
311 1766 355 1851 ii,
382 1766 508 1855 quibus
524 1766 731 1839 conferendi
749 1768 955 1864 delegamus.
965 1762 1142 1855 officium,
1167 1761 1315 1836 subscriss
1395 1831 1401 1843 ,

200 1856 206 1931 ἶ
254 1865 344 1939 bant
367 1863 678 1956 prosecutionibus
701 1865 781 1939 suis.
840 1868 953 1957 lnqus
974 1866 1038 1937 illo
1058 1862 1211 1957 scripto,
1239 1882 1315 1954 quo

253 1965 306 2035 eis
326 1965 398 2035 boc
415 1984 542 2038 munus
558 1966 796 2057 imponimus,
823 1981 1010 2055 ratumque
1024 1984 1093 2063 uos
1109 1964 1313 2056 habituros,

253 2064 355 2155 quod
369 2066 524 2157 egerint,
544 2065 770 2157 pollicemur,
789 2064 1063 2157 subscriptiones
1074 2063 1233 2137 omnium
1246 2083 1315 2135 no..

252 2165 361 2236 strum
372 2183 447 2235 non
461 2162 572 2237 solum
585 2166 714 2238 habeas
728 2163 848 2245 fassas,
860 2184 1075 2237 verumcum
1086 2162 1192 2235 etiam
1202 2159 1313 2255 fiunt,

252 2259 327 2354 ipse
352 2262 564 2355 perspicias:
596 2266 813 2338 admonituri
847 2285 992 2357 quoque
1017 2263 1181 2337 Domino
1215 2262 1313 2351 adJ'u·

252 2373 364 2431 vante
397 2366 570 2454 populum
594 2362 853 2456 Christianum,
890 2377 930 2436 ut
955 2386 975 2435 a
995 2361 1200 2434 collationis
1221 2363 1311 2431 loco

252 2460 381 2548 quietis
401 2463 712 2553 &tranquillitatis
730 2463 842 2558 gratia
857 2462 954 2535 suum
972 2461 1144 2533 abstineat
1161 2461 1311 2531 omnino

252 2573 490 2650 conventum,
507 2561 593 2632 &ea
609 2583 685 2651 quae
698 2576 870 2654 aguntur,
885 2580 962 2632 non
979 2579 1059 2630 curn
1072 2570 1237 2653 aguntur,
1252 2578 1311 2629 au·

252 2658 326 2731 dire
344 2659 507 2746 festinet,
530 2659 586 2729 sed
607 2658 809 2751 conscripta
825 2672 866 2729 ut
881 2657 1096 2752 cognoscat,
1115 2654 1310 2747 exspeslet,

249 2757 339 2829 sicut
355 2778 396 2826 ea
408 2770 445 2834 te
458 2758 681 2848 prolaturum
694 2760 860 2829 omnibus
873 2755 1069 2850 promisisti.
1120 2754 1189 2827 lllo
1202 2757 1310 2830 etiam

249 2857 407 2924 veritate
437 2851 561 2926 confisr
596 2874 664 2925 nos
692 2857 841 2927 vinculo
872 2856 1093 2929 conditionis
1122 2853 1310 2950 obstringi·
1349 2916 1353 2927 ,

249 2974 349 3038 mus,
369 2968 410 3022 ut
424 2952 450 3024 fi
464 2955 574 3024 vobis
588 2953 632 3034 ii,
652 2974 733 3026 cum
747 2956 873 3046 quibus
890 2955 1044 3050 agimus,
1064 2954 1308 3027 demonstrare
1353 2978 1356 2983 ·

248 3054 458 3145 potuerint,
486 3073 565 3126 cum
582 3051 773 3128 secundum
791 3054 863 3127 Dei
883 3052 1049 3147 promissa
1068 3056 1194 3148 populi
1208 3053 1310 3126 Chri·

246 3150 349 3223 stiani
364 3171 618 3243 usquequaque
632 3154 906 3246 crescendojam
923 3174 1083 3252 magnam
1095 3168 1232 3249 partem
1248 3173 1309 3226 or·
1348 3238 1351 3243 ¹

247 3248 304 3321 bis
321 3253 530 3344 implerent,
557 3253 649 3326 &in
673 3269 802 3327 caetera
827 3256 1059 3328 dilatarentur
1079 3254 1308 3346 implendam,

246 3347 366 3420 subito
385 3347 575 3425 Ecclesiam
591 3351 718 3426 Christi
736 3353 857 3427 nescio
875 3374 1050 3444 quorum,
1076 3374 1167 3444 quos
1181 3352 1235 3425 isti
1251 3371 1308 3422 ac·
1355 3438 1358 3443 ι

203 3464 205 3469 ·
247 3446 393 3537 cusant,
427 3467 658 3543 peccatorum
679 3451 818 3545 periisse
836 3455 1029 3548 contagio,
1056 3453 1089 3523 dr
1106 3453 1142 3523 in
1159 3449 1232 3521 sola
1249 3470 1309 3521 re·

246 3547 405 3621 mansisse
418 3564 521 3641 parte
535 3549 688 3623 Donati:
715 3554 847 3641 srhoc,
865 3568 907 3622 ut
920 3551 1051 3624 didlum
1067 3549 1138 3637 est,
1158 3550 1308 3621 demon·

247 3643 356 3718 strare
373 3650 578 3739 potuerint,
604 3651 723 3722 nullos
743 3651 837 3743 apud
854 3672 918 3722 eos
938 3652 1099 3723 honores
1115 3644 1309 3740 Episcopa'·

247 3746 292 3816 lis
317 3749 473 3819 muneris
495 3747 744 3838 requiremus,
782 3748 842 3821 sed
868 3769 995 3822 eorum
1019 3748 1204 3837 sequemur
1235 3766 1305 3839 pro

247 3842 324 3916 sola
339 3862 470 3917 aeterna
485 3845 594 3917 salute
610 3849 815 3929 consilium,
837 3848 964 3936 quibus
981 3848 1071 3918 tanti
1084 3847 1230 3943 gratiam
1246 3850 1307 3919 be·

247 3939 368 4016 neficii
400 3966 468 4036 pro
492 3947 637 4037 cognita
661 3948 819 4018 veritate
843 3948 1062 4020 debebimus.
1127 3945 1164 4017 si
1187 3960 1327 4020 autem

246 4059 318 4118 nos
347 4049 469 4140 potius
497 4046 711 4124 valuerimus
744 4044 935 4121 ostendere
960 4043 1154 4123 Ecclesiam
1180 4044 1310 4119 Christi

321 4160 324 4165 ’
761 4144 841 4244 Z3
1111 4143 1289 4220 nmmum
