3200 4784
630 417 781 500 Lrnnlt
811 429 1030 496 aturrus.
1316 425 1363 502 61

295 553 494 668 uidebatur
507 567 595 662 ‘else
630 595 828 662 contemta.
894 580 1049 657 Phineea
1075 581 1258 678 adulteros
1288 607 1365 666 uno

294 690 370 765 retu
395 687 579 785 percullit:
612 687 747 760 laudari
768 705 788 756 a
806 684 891 755 Deo
914 683 1063 757 meruit:
1090 691 1257 776 quoniam
1277 689 1366 764 divi·

294 810 431 864 norum
451 801 714 883 praceptorum
739 794 990 856 contemtores
1015 784 1160 859 occidit.
1211 785 1261 861 Et
1281 809 1365 881 qua-

296 891 476 987 dringenti
497 889 531 962 dc
550 885 827 980 quinquaginta,
863 899 955 972 quoe
972 878 1066 955 Elias
1088 881 1255 961 occidilse
1277 889 1365 986 legi-

293 1003 383 1090 tur,
407 989 493 1063 ideo
514 986 621 1060 occisi
640 983 720 1057 sunt
737 983 818 1074 quia
836 995 966 1053 contra
978 982 1164 1072 J'ullionem
1186 987 1273 1068 Dei,¹
1298 1009 1364 1082 pet

300 1088 400 1183 quod
420 1088 495 1162 falfi
513 1101 615 1161 vates
634 1095 755 1174 erant,
775 1079 847 1153 Dei
864 1095 1044 1174 praecepta
1060 1083 1354 1165 contemserunt·

373 1185 425 1262 Et
448 1188 498 1259 illi
525 1203 679 1279 quorum
703 1180 908 1255 nominibus
931 1179 1130 1256 Macarium
1156 1185 1364 1284 criminatis,

296 1309 369 1363 nec
391 1309 411 1360 a
433 1285 524 1360 falsis
548 1285 691 1357 vatibus
707 1282 821 1375 longe
837 1278 939 1365 sunt3
974 1282 1055 1370 quia
1073 1301 1142 1354 vos
1155 1283 1257 1356 Deus
1275 1287 1365 1360 dixit

297 1388 443 1461 futuros
464 1384 536 1460 esse
557 1382 664 1457 falsos
685 1394 815 1470 vates,
849 1377 949 1468 quod
975 1380 1144 1470 proximo
1165 1383 1253 1454 loco
1279 1389 1365 1479 pro'-

296 1488 417 1562 baturi
434 1485 569 1559 sumusr
596 1481 729 1554 &dum
746 1497 871 1572 pacem
886 1477 1083 1551 noluerunt
1099 1477 1297 1574 respicere,
1316 1479 1366 1560 ne

296 1589 334 1661 in
354 1607 429 1659 uno
448 1604 530 1657 cum
549 1581 718 1656 fratribus
735 1578 959 1669 habitarent,
988 1591 1118 1651 contra
1133 1597 1311 1674 praecepta
1331 1583 1366 1658 dt

295 1688 529 1759 voluntatem
551 1682 621 1754 Dei
640 1679 872 1770 pertinaciter
900 1675 1130 1753 obstiterunt.
1188 1676 1287 1776 Ergo
1314 1685 1365 1756 vi.

296 1786 392 1858 detis
411 1805 431 1856 a
450 1779 602 1873 Moyse,
629 1777 839 1864 &Phinee,
870 1774 905 1847 dt
923 1774 1023 1867 Elia,
1057 1783 1091 1849 dt
1111 1777 1299 1873 Macario‚
1324 1783 1365 1858 d
1413 1805 1417 1820 ·

297 1883 396 1955 milia
411 1879 482 1952 elle
497 1879 611 1971 latta,
638 1878 720 1969 quia
735 1877 778 1948 ab
795 1875 963 1946 omnibus
978 1876 1082 1947 unius
1099 1876 1169 1949 Dei
1187 1895 1366 1976 praecepta

300 1977 383 2053 sunt
400 1978 591 2052 vindicata.
644 1977 715 2049 Sed
730 1976 843 2048 video
858 1993 927 2046 vos
943 1973 1016 2046 hoc
1032 1977 1120 2047 loco
1138 1990 1304 2072 tempora
1317 1983 1366 2056 se·

297 2099 447 2173 parare,
481 2091 524 2150 ut
548 2077 613 2150 alia
635 2075 770 2149 fuerint
794 2079 879 2146 ante
903 2071 1162 2172 Evangelium,
1194 2081 1259 2152 alia
1283 2080 1366 2176 post

296 2177 560 2274 Evangelium:
594 2181 725 2268 inquo
748 2170 898 2268 potestis
922 2175 1062 2268 dicere,
1096 2177 1176 2268 quia
1195 2176 1364 2274 scriptum

290 2275 375 2371 est,
401 2293 443 2350 ut
458 2299 478 2350 a
494 2275 607 2349 Petro
621 2276 691 2368 iam
712 2273 846 2372 gladius
865 2274 1104 2361 conderetur,
1132 2297 1205 2367 quo
1228 2284 1366 2353 auricu-

296 2379 369 2452 lam
389 2374 483 2450 servi
503 2374 698 2448 sacerdotis
716 2373 926 2462 abstulerat,
955 2393 1061 2464 quem
1075 2374 1216 2448 servum
1235 2394 1366 2470 potue·

296 2491 357 2548 r-at
379 2471 476 2566 quast
498 2475 657 2548 devotus
679 2472 805 2546 Petrus
823 2471 1008 2546 occidere:
1034 2471 1094 2545 sed
1111 2472 1269 2549 Christus
1291 2481 1365 2570 pati

296 2589 475 2670 venerat,
499 2595 577 2648 nun
597 2574 754 2650 defendi.
793 2569 841 2641 Et
857 2571 880 2643 sr
898 2573 1096 2668 cogitatum
1117 2572 1216 2646 suurn
1237 2576 1366 2651 Petrue

249 2701 259 2726 ¹
295 2677 486 2768 impleret,
517 2675 735 2768 inpallione
760 2669 889 2743 Christi
907 2672 1093 2744 videretur
1107 2673 1229 2747 servus
1252 2676 1365 2751 vindi*-

298 2779 397 2867 cari,
423 2793 500 2849 non
524 2776 681 2867 populus
699 2773 853 2843 liberari.

376 2883 409 2955 8.
426 2873 522 2947 Nam
536 2872 571 2944 dt
584 2871 783 2972 Macarius,
801 2869 954 2966 gladium
971 2891 990 2943 a
1006 2869 1116 2944 Petro
1131 2876 1261 2971 vagina
1277 2879 1364 2953 c'on-

278 2973 414 3048 :ditum
430 2993 506 3046 non
522 2972 658 3046 eduxit.
691 2969 776 3042 Hoc
793 2974 926 3062 probat
937 2969 1054 3066 Deus,
1076 2973 1158 3047 dum
1175 2979 1216 3050 ad
1232 2982 1364 3056 vallem

296 3071 388 3148 Sion
409 3074 571 3166 loquitur
595 3070 740 3143 dicens:
783 3071 955 3142 Vulnerari
975 3079 1010 3141 in
1027 3091 1075 3160 re,
1109 3099 1174 3146 non
1196 3082 1365 3170 vulnerari

295 3175 408 3268 gladio.
461 3171 539 3245 Aut
554 3173 707 3265 probate
724 3171 876 3261 aliquem
892 3171 954 3244 illo
974 3185 1140 3264 tempore
1156 3177 1275 3272 gladio
1295 3178 1365 3253 ell'e

290 3270 510 3367 perculsum.
564 3270 709 3345 Deinde
734 3272 799 3343 ait:
827 3275 959 3342 Mortui
981 3277 1018 3341 in
1036 3289 1083 3359 re,
1111 3300 1176 3344 non
1194 3286 1309 3348 mortui
1327 3287 1365 3349 in

264 3373 386 3443 ‚belin
438 3372 563 3463 Quare
585 3370 722 3444 debetis
748 3370 959 3463 attendere,
985 3392 1032 3443 ne
1056 3379 1281 3449 temerarium
1307 3377 1364 3470 srt,

297 3491 365 3546 eoa
389 3483 564 3561 martyres
587 3471 797 3564 appellare,
840 3472 900 3558 qui
921 3467 1201 3546 Christianorum
1228 3476 1365 3551 nullum

295 3567 483 3645 senserunt
499 3567 643 3642 bellum.
694 3566 785 3639 Non
800 3570 895 3639 enim
912 3572 983 3638 tale
1002 3570 1133 3658 aliquid
1156 3570 1284 3645 fastum
1301 3587 1363 3648 aut

297 3669 430 3743 ditium
446 3667 519 3758 est,
546 3667 645 3758 quod
658 3667 693 3738 in
711 3668 811 3739 bello
828 3664 1107 3740 Christianorum
1124 3671 1193 3740 dici
1209 3685 1270 3744 aut
1284 3670 1367 3750 fier't

291 3769 442 3843 solitum
461 3766 522 3840 est.
576 3766 688 3862 Quod
714 3765 846 3837 bellum
872 3761 1076 3857 persecutio
1097 3767 1253 3865 dicitur,
1288 3795 1366 3865 quae

295 3861 609 4040 §illidit
623 3864 1052 4055 lllltltlltttll
1070 3881 1364 4044 -qiilii‘lndil

295 4061 398 4152 Leo,
439 4063 530 4143 Hac
550 4080 628 4142 erat
644 4058 851 4165 persecutio
876 4059 938 4166 sub
958 4063 1077 4144 Decio
1099 4066 1137 4142 a
1153 4070 1375 4240 Mogetiana.

1238 4185 1354 4242 ecum-
