3200 4784
507 371 647 445 208
1015 355 2127 452 Monumnmm-Vnruna

506 521 925 611 trattatum,
974 515 1118 594 huc
1150 519 1393 613 potius
1436 521 1723 614 veniat,
1779 541 1990 612 quem
2028 520 2249 594 credo
2280 518 2486 614 juxta
2532 519 2649 594 liti

507 637 697 697 teras
739 641 928 694 meas
966 641 1139 693 mox
1181 619 1608 694 adfuturum.
1712 619 2076 704 Polliceor
2111 623 2646 737 aut-em‘vobss,

510 723 737 815 quod
742 721 793 794 fi
832 719 1169 810 praesente
1196 719 1348 811 ipso
1394 719 1483 791 de
1524 739 1676 798 uno
1722 734 2002 794 tantum
2031 723 2340 793 crimine
2372 724 2500 792 vel
2537 720 2645 793 fa-

506 825 765 897 citiore
804 819 953 910 ejus
1000 831 1129 916 per
1170 816 1640 909 vosmetipsos
1675 821 1935 906 aliquid
1975 821 2513 914 probaveritis,
2571 820 2645 894 id

512 922 699 1014 apud
739 940 853 992 me
891 917 975 992 fit
1000 970 1025 1007 ‚
1080 937 1163 988 ac
1198 917 1245 990 si
1283 915 1656 1009 universa,
1710 939 1862 1009 quae
1901 922 1966 992 ei
2007 919 2412 1010 intenditis,
2469 940 2648 1012 pro

510 1025 679 1096 bata
724 1017 861 1090 effe
912 1017 1311 1092 videantur.
1433 1016 1634 1090 Deus
1687 1019 2154 1114 omnipotens
2208 1035 2648 1115 perpetuam
2725 1055 2734 1106 ,-

492 1124 779 1198 tribuat
810 1116 1280 1191 securitatem.
2725 1111 2732 1128 '

538 1291 1327 1350 m

1835 1293 2737 1350 Μῖ

1412 1427 1477 1501 X
1492 1429 1614 1502 VI
1635 1431 1666 1503 I
1685 1427 1737 1504 1.

545 1573 702 1652 Huc
718 1579 1046 1671 pertznent
1071 1575 1198 1645 haec
1217 1567 1577 1665 Augustini
1598 1576 1841 1646 verba:
1875 1573 2051 1669 epist.
2086 1567 2374 1646 XLIII.
2398 1570 2480 1668 §
2499 1589 2625 1667 30.

672 1735 823 1810 ussit
846 1735 1030 1806 enim
1058 1729 1177 1803 ille
1211 1723 1812 1827 (Constantinus)
1845 1746 1927 1803 ut
1959 1735 2022 1804 ei
2055 1746 2289 1827 partes
2318 1728 2400 1805 ad
2433 1747 2654 1827 agen·

515 1741 665 1940 ᾖ]
736 1836 893 1907 dam
950 1831 1219 1904 causam
1273 1829 1576 1904 Romam
1638 1851 2131 1905 occurrerent.
2245 1835 2418 1932 Quo
2477 1853 2648 1906 cum

517 1933 937 2010 Caecilianus
987 1927 1233 2003 nescio
1291 1951 1426 2018 qua
1476 1927 1677 2002 causa
1715 1930 1867 2003 πότι
1911 1913 2373 2021 decurristi-t,
2423 1933 2652 2002 inter·

514 2040 820 2130 pellatus
870 2034 954 2103 ab
1001 2032 1140 2119 eia,
1198 2029 1572 2120 praecepit,
1624 2043 1706 2099 ut
1737 2027 2232 2102 Mediolanum
2268 2029 2650 2121 sequeren-

515 2151 658 2210 tur.
734 2132 950 2204 Tunc
983 2128 1049 2200 se
1081 2127 1290 2218 aliqui
1324 2147 1575 2200 eorum
1607 2126 2011 2202 subtrahere
2047 2142 2457 2223 coeperunt,
2501 2128 2653 2201 for-

516 2233 692 2308 tass'e
733 2229 1126 2342 indignati,
1173 2227 1333 2315 quia
1379 2247 1528 2299 non
1577 2224 1679 2299 est
1729 2249 1855 2302 eos
1897 2231 2207 2301 imitatus
2241 2227 2654 2301 Constanti-

516 2355 651 2409 nus
676 2386 700 2424 ,
766 2346 848 2402 ut
878 2331 1016 2421 jam
1053 2326 1280 2400 statim
1324 2343 1535 2416 atque
1577 2327 1935 2400 velociter
1972 2327 2422 2401 Caecilianum
2457 2328 2654 2402 dam·

514 2444 723 2510 naret
748 2430 1132 2503 absentem.
1236 2423 1457 2521 Quod
1490 2427 1612 2497 ubi
1652 2429 2008 2521 cognovit
2042 2415 2386 2518 pfovidus
2416 2426 2646 2520 Imp&

484 2548 762 2619 ¹rator,
832 2530 1151 2619 reliquos
1199 2527 1285 2597 ab
1337 2522 1780 2664 Officialibue
1827 2526 2226 2599 custoditos
2272 2526 2449 2600 fecit
2473 2527 2653 2634 Me·

518 2635 884 2706 dioJanum
921 2625 1325 2719 pervenire.
1360 2628 1413 2666 ‘⁶

679 2734 943 2801 Interim
997 2722 1326 2818 Consilium
1376 2729 1537 2818 cepit
1586 2731 1679 2795 rei
1710 2726 2068 2824 judicanda
2119 2730 2192 2795 in
2228 2725 2500 2819 Africa,
2565 2737 2648 2797 ut
