3200 4784
418 357 486 465 -fin
510 351 902 490 Donartsssnuu
926 357 1174 464 linteones.
1218 455 1224 490 ,
1259 395 1331 488 283
1355 509 1357 513 .

261 539 1320 654 «ww
1363 639 1367 658 .

727 676 843 758 nn.
959 673 997 742 Λ
1138 739 1141 744 ·
1248 675 1250 682 '

462 781 1132 932 nuens-nouom

446 1076 447 1079 Ἴ
561 989 624 1062 “Λ.
646 987 827 1058 ccccvu.
850 995 1007 1070 15.Nov.

261 1118 391 1221 quibus
406 1111 535 1221 penas·
548 1118 717 1200 adversus
733 1117 943 1194 Donatistas
962 1073 1335 1216 aliosque-hereticos
1387 1169 1389 1178 ·

658 1221 749 1294 latas
765 1232 935 1296 renovate
1005 1323 1008 1330 Ι

217 1383 219 1388 ’
289 1389 351 1469 Ex
371 1388 454 1486 cod,
475 1382 595 1462 Theoti.
611 1384 693 1484 Μ.
717 1380 819 1559 {VI
841 1364 975 1459 lui<
1028 1380 1088 1460 De
1102 1331 1315 1483 Haereticis,
1379 1378 1384 1402 ‘

545 1532 548 1538 .
768 1502 866 1574 ,41.

666 1600 668 1604 ¹
794 1589 805 1622 l

262 1639 1337 1821 Impp.Atcad;Honor.&Theod.AAA.PorfyrieProc.

328 1739 472 1821 Astit’ae.
522 1743 630 1835 Licet
647 1742 794 1816 crimino
811 1741 925 1816 lbleat
943 1765 1036 1841 pena
1059 1764 1234 1840 purgare,
1261 1767 1341 1824 nos

266 1858 386 1925 tamen
409 1865 540 1938 pravus
559 1845 746 1922 hominum
765 1842 976 1918 voluntates
1002 1841 1254 1918 admonitione
1272 1865 1339 1944 pm·

267 1948 417 2018 nitentia
435 1948 606 2017 uolumus
630 1940 831 2021 emendare.
893 1944 1112 2043 Quicunque
1135 1945 1244 2038 igitur
1265 1948 1339 2035 hae·

266 2046 494 2138 reticorum,
532 2040 635 2139 (stus
664 2039 862 2117 Donatistae
886 2043 981 2136 stnt,
1016 2042 1093 2117 stve
1118 2042 1338 2139 Manichaei,
1375 2056 1377 2062 '

266 2147 332 2218 vel
350 2143 595 2237 'cujuscunque
621 2141 766 2216 alterius
792 2161 913 2233 ppavae
939 2142 1122 2235 opinionis
1145 2164 1187 2218 ac
1210 2143 1335 2246 seete)

267 2244 431 2339 profanis
456 2241 585 2320 ritibus
612 2241 794 2338 adgregati
819 2240 1044 2317 Catholicam
1070 2235 1177 2316 fidem
1204 2244 1239 2315 δι
1262 2268 1356 2330 me-x

268 2345 399 2436 ritum,
416 2341 517 2439 (que
532 2362 657 2418 omnes
673 2340 839 2414 homines
855 2343 1016 2436 cupimus
1030 2339 1339 2440 observare)s1m.

267 2444 355 2538 plici
381 2441 602 2536 conseffioue
633 2437 879 2534 susceperint,
912 2442 998 2513 licet
1032 2442 1125 2514 adeo
1157 2442 1338 2518 inveteru·
1382 2447 1401 2488 s

270 2557 347 2618 tum
374 2544 506 2619 malum
530 2545 640 2638 longa
664 2560 706 2614 ac
728 2541 897 2614 diuturna
917 2538 1155 2615 meditatione
1176 2544 1341 2617 nutrive-

269 2644 366 2727 rint,
390 2657 433 2715 ut
449 2643 557 2716 ctiam
576 2641 715 2735 legibus
738 2653 822 2712 ante
844 2641 924 2712 latis
945 2639 1138 2712 videantur
1160 2640 1338 2733 obnoxiig

236 2736 242 2744 ’
270 2753 393 2815 tamen
405 2742 496 2832 hos,
523 2739 638 2814 statim
654 2752 696 2811 ut
711 2735 847 2815 suerint
861 2739 980 2813 Deum
996 2737 1142 2831 stmplici
1160 2739 1341 2836 religione

274 2839 443 2931 ponseffi,
476 2841 522 2914 ab
543 2838 642 2912 omni
662 2847 760 2914 noxa
779 2835 1026 2912 obsoluendos
1045 2835 1115 2911 elie
1133 2835 1340 2920 censemust

271 2952 315 3013 ut
337 2939 381 3012 ad
404 2959 551 3014 omnem
572 2951 736 3030 reatum,
762 2936 824 3011 seu
847 2953 931 3012 ante
949 2935 1155 3012 contrastu's
1178 2937 1251 3033 est,¹
1277 2939 1341 3022 seu

272 3037 399 3135 postea
412 3035 534 3134 (quod
551 3035 742 3134 nolumus)
764 3037 1011 3127 contrahitur,
1031 3037 1164 3113 etiamst
1184 3039 1341 3123 maximo

273 3159 359 3212 reos
377 3157 482 3231 poena
501 3136 666 3211 videatur
682 3156 830 3234 urgere,
857 3135 1005 3216 sufficiat
1023 3137 1066 3210 ad
1085 3138 1341 3232 abolitionem,

274 3257 436 3318 errorem
450 3238 601 3331 proprio
617 3235 832 3311 damnavisse
844 3238 1004 3331 judicio,
1031 3236 1065 3310 δε
1083 3236 1154 3311 Dei
1172 3240 1342 3333 omnipo·

273 3339 386 3410 tentis
405 3357 564 3428 nomen,
589 3337 684 3410 inter
700 3334 774 3429 ipsa
792 3357 938 3430 quoque
957 3336 1116 3432 pericula
1134 3338 1343 3427 requisitum

274 3434 377 3512 fuiss'e
397 3438 646 3527 complexum:
683 3440 773 3529 Quia
794 3460 951 3533 nusquam
969 3436 1055 3507 lebet
1074 3440 1111 3506 in
1129 3439 1263 3526 miseriis
1288 3443 1344 3508 in·

274 3555 421 3612 uocatum
450 3537 608 3628 religionis
632 3534 722 3628 deusta
739 3535 913 3633 subfidium.
973 3532 1029 3607 Ut
1052 3536 1160 3630 igitur
1187 3539 1343 3630 priores,

278 3658 367 3731 quas
383 3635 585 3726 statuimus,
605 3635 703 3730 leges
720 3636 759 3707 in
779 3635 956 3710 excidium
979 3634 1225 3732 sacrilegarum
1245 3656 1345 3711 men-

278 3738 370 3812 tium
401 3736 498 3810 omni
523 3735 750 3808 executionis
773 3734 892 3832 urgeri
913 3735 1078 3827 jubemus
1101 3728 1258 3828 effeslu,
1293 3737 1346 3814 ite

278 3836 371 3929 hos,
396 3837 458 3929 qul
472 3834 637 3926 fimplicis
652 3830 723 3906 fide
737 3836 945 3931 religionis,
975 3834 1062 3906 licet
1083 3831 1178 3929 sera,
1205 3831 1349 3912 confes·

278 3934 416 4016 fiunem
438 3936 648 4027 maluerint,
665 3930 847 4009 censemus
867 3931 957 4006 datis
967 3934 1108 4029 legibus
1127 3953 1203 4008 non
1216 3937 1347 4016 teneri.

281 4039 374 4142 Quae
397 4036 483 4118 idco
501 4036 706 4135 sanximus,
741 4054 817 4135 quo
838 4032 996 4116 universi
1015 4033 1259 4137 cognoscant,
1289 4052 1349 4118 uu

1222 4155 1295 4236 pru·

1308 4387 1310 4392 '
1382 4369 1403 4465 l
