3200 4784
303 424 379 517 364
556 382 886 505 Metaurenses
906 412 1123 495 -Vaneaa'
1241 352 1249 395 ι

310 604 376 656 eos
389 578 621 674 prejudicare
633 577 787 672 potuiffe
802 580 884 651 orbi
899 577 1121 671 Christiano,
1144 600 1254 671 quem
1270 578 1372 657 Deus

306 686 431 777 paucis
449 680 676 752 credentibus
692 692 795 749 tanto
813 692 896 751 ante
909 681 1086 771 promisit,
1117 680 1267 754 &nunc
1283 684 1373 755 mul-

307 782 356 854 tis
382 781 587 853 videntibus
611 777 773 850 reddidit.
822 776 898 851 Nisa
924 776 1022 850 forte
1047 782 1125 870 plus
1156 792 1291 851 contra
1308 778 1375 853 Ec·

308 880 449 953 clessam
462 880 576 949 valuit
593 878 704 950 homo
717 896 885 969 peccans,
902 898 1004 966 quam
1018 899 1085 969 pro
1096 875 1259 952 Ecclefia
1273 878 1375 952 Deus

306 980 449 1073 jurans,
477 977 685 1068 &iniquitas
705 976 803 1065 quod
817 976 972 1067 admisit,
999 998 1101 1067 quam
1118 979 1258 1051 veritas
1277 980 1374 1070 quod

305 1078 479 1173 promifit.
531 1074 619 1149 Haec
643 1073 782 1147 sentire·
800 1094 905 1165 quam
925 1072 972 1147 ¹srt
996 1075 1138 1148 stultum
1165 1077 1199 1148 dr
1224 1080 1375 1172 impium

304 1180 376 1272 jarp
402 1172 547 1249 forcalle
563 1173 757 1247 ciderunt:
784 1177 1036 1269 cogitaverunt
1060 1196 1206 1267 quoque
1231 1178 1372 1251 damna

307 1292 370 1349 tos
396 1299 415 1347 a
439 1274 472 1347 se
490 1272 766 1346 Maximianistas
785 1272 949 1346 Primiani
974 1274 1200 1349 damnatores
1220 1298 1291 1369 per
1312 1300 1374 1369 po·

305 1376 454 1449 tellates
472 1387 630 1469 terrenas
651 1377 756 1444 etiam
779 1372 825 1444 de
840 1372 994 1445 Basilicis
1013 1373 1144 1446 curalle
1166 1378 1373 1469 pellendos,

307 1476 342 1548 dr
360 1477 408 1546 ibi
428 1476 558 1546 certius
581 1472 747 1564 exemplo
767 1469 830 1544 suo
849 1473 1053 1546 recentiore
1073 1474 1281 1549 didicerunt
1298 1497 1372 1549 noa

308 1575 380 1649 elle
396 1587 606 1667 peccatum,
627 1572 649 1644 fi
666 1573 736 1643 tale
750 1570 879 1661 aliquid
898 1568 1053 1645 Ecclefia
1070 1587 1200 1645 contra
1217 1577 1371 1671 rebelles

306 1675 391 1751 suos
409 1676 451 1745 ab
466 1670 669 1762 hujusmodi
687 1669 922 1761 potestatibus
936 1671 1112 1762 postulat,
1139 1672 1291 1763 &quod
1315 1676 1371 1745 ali-

308 1794 402 1866 quos
417 1792 462 1845 ex
478 1770 648 1842 damnaris
667 1768 790 1861 postea
807 1784 1041 1862 receperunt,
1069 1792 1260 1861 quoscum
1278 1775 1370 1846 dam-

300 1886 459 1950 narent,
493 1872 567 1942 aliis
584 1871 689 1941 etiam
711 1869 869 1960 plurimis
886 1872 923 1941 in
938 1872 1058 1943 eadem
1076 1871 1252 1944 societate
1266 1872 1369 1945 schis-

219 1970 221 1977 '
247 1962 256 1977 ‘
306 1973 411 2047 matis
435 1967 637 2041 constitutis
663 1969 872 2041 dilationem
896 1968 1096 2060 dederunt,
1123 1991 1216 2062 quos
1236 1974 1274 2045 in
1293 1972 1367 2043 Ma·

305 2072 449 2157 xir'r'riani
463 2067 618 2162 sacrilegi
634 2065 760 2138 surculi
775 2071 1031 2140 communione
1045 2071 1260 2161 impollutos
1275 2092 1367 2151 man·

304 2168 382 2244 fille
403 2168 594 2257 dixerunt,
629 2166 894 2255 &baptismum
919 2169 979 2238 vel
1004 2189 1023 2238 a
1046 2169 1244 2261 damnatis,
1273 2173 1367 2242 vela

303 2267 410 2353 sociis
429 2286 577 2355 eorum,
603 2267 764 2355 quamvis
785 2263 875 2336 foris
896 2267 932 2338 in
953 2264 1139 2340 schismate
1165 2268 1289 2343 datum
1315 2290 1365 2341 rc·

303 2368 465 2442 icindere
483 2380 589 2455 atque
606 2365 737 2435 iterare
759 2384 834 2436 non
856 2365 925 2437 ausr
940 2363 1042 2456 sunt,
1068 2366 1146 2438 satis
1170 2369 1299 2459 utique
1313 2370 1365 2458 J'u·

277 2544 283 2561 ,
304 2469 470 2539 dicarunt
487 2486 546 2555 ea,
575 2483 652 2553 quae
670 2477 797 2534 contra
815 2484 883 2535 nos
900 2463 1087 2556 dicebant,
1115 2471 1285 2559 exemplo
1302 2468 1361 2539 sue

303 2566 374 2640 else
390 2568 568 2638 damnata:
590 2563 851 2635 &credendum
869 2562 938 2643 est,
957 2566 1052 2655 quod
1062 2567 1132 2656 jam
1148 2567 1358 2661 intelligant,

303 2688 406 2757 quam
430 2665 472 2738 fit
491 2664 698 2757 indignum,
731 2682 834 2750 quam
860 2664 1109 2754 intolerabile,
1136 2678 1177 2735 ut
1205 2686 1287 2738 cum
1315 2664 1358 2736 se·

301 2767 412 2837 deant
426 2768 461 2834 in
476 2762 652 2834 cathedris
667 2758 935 2855 Episcopalibus
952 2783 1031 2836 cum
1047 2762 1116 2834 istis
1135 2763 1168 2833 &
1187 2785 1269 2836 cum
1287 2762 1357 2856 ipso

299 2866 400 2939 simul
416 2864 593 2934 Primiano
619 2862 845 2932 damnatores
865 2864 939 2953 ejus
963 2862 996 2932 da
1021 2863 1175 2935 damnati
1200 2866 1235 2935 in
1263 2862 1359 2936 caula

302 2965 402 3054 ejus,
428 2976 469 3032 ut
490 2962 531 3033 srt
550 2980 620 3052 pax
640 2961 674 3029 in
696 2976 798 3052 parte
816 2959 976 3051 Donati,
1002 2963 1047 3032 de
1062 2960 1255 3035 Caeciliano
1277 2962 1357 3035 ini·

300 3076 420 3137 metor
452 3060 549 3131 orbis
578 3056 824 3151 Christianus,
864 3079 912 3130 ne
936 3061 972 3131 in
998 3082 1086 3151 pace
1112 3061 1217 3132 vivat
1244 3063 1358 3133 unitas

300 3158 442 3232 Christi.
494 3158 582 3229 Haec
596 3159 715 3229 omnia
728 3156 872 3229 forcalle
885 3162 1085 3252 cogitantes
1100 3158 1132 3229 da
1147 3159 1216 3231 Dei
1231 3162 1359 3234 timore

299 3257 459 3354 permoti
475 3277 599 3327 omncs
615 3257 818 3327 collationis
833 3259 919 3328 loco
933 3257 1046 3330 adelle
1058 3260 1268 3348 voluerunt,
1287 3280 1359 3333 non

296 3360 476 3433 tumultus
496 3353 744 3446 dispositione,
763 3353 836 3426 ¹sed
858 3358 967 3450 pacis.
1019 3357 1132 3454 Quod
1157 3361 1251 3431 enim
1277 3381 1359 3451 prae·

297 3472 400 3532 terea
419 3455 453 3528 se
472 3454 659 3526 universos
685 3452 799 3525 adelle
821 3455 1006 3546 dixerunt,
1040 3474 1080 3528 ut
1099 3478 1223 3529 eorum
1239 3474 1359 3531 nurne-

298 3562 361 3629 rus
381 3568 567 3648 appareat,
595 3556 762 3644 quoniam
779 3575 843 3625 eos
865 3575 999 3646 paucos
1017 3555 1087 3628 eisc
1104 3555 1293 3628 adversarii
1313 3557 1359 3630 sui

295 3655 389 3745 sape
410 3654 550 3727 mentiti
572 3654 672 3741 sunt,
699 3652 772 3722 hoc
795 3653 818 3723 fr
840 3655 1029 3744 aliquando
1048 3679 1066 3729 a
1082 3655 1210 3731 nostris
1229 3655 1360 3730 dietum

296 3753 371 3843 est,
399 3754 443 3824 de
459 3755 512 3825 his
527 3753 618 3824 locis
636 3751 702 3822 dici
717 3753 890 3826 verissime
906 3757 1047 3847 potuit,
1074 3757 1135 3827 ubi
1152 3753 1358 3829 nostrorum

294 3849 607 3942 Coepiscoporum
631 3850 665 3921 &
688 3851 900 3925 clericorum
928 3869 1033 3945 atque
1058 3857 1229 3926 laicorum
1248 3856 1360 3951 longe

293 3951 411 4040 major
422 3950 472 4021 est
485 3970 666 4039 numerus,
685 3950 717 4020 dr
732 3954 883 4025 maxime
898 3955 932 4024 in
946 3953 1194 4025 Proconsulari
1206 3952 1361 4028 Provin-

288 4048 373 4146 cia,
407 4068 629 4147 quanquam,
655 4064 807 4148 excepta
827 4050 997 4129 Numidia
1013 4051 1223 4148 consulari,
1249 4056 1361 4130 etiam

787 4190 805 4211 ··
1272 4176 1314 4229 in
