3200 4784
661 354 670 378 t
1061 327 1064 337 “
1125 362 1128 371 =
1182 323 1190 361 Κ

401 421 461 479 or
485 401 893 523 Douhrrsrsrou
916 391 1177 478 Hrsroxrr.
1214 457 1218 469 ,
1254 408 1326 484 575

261 587 339 646 non
357 586 435 640 eam
451 560 529 636 fieri
547 560 785 636 immortalem
802 557 915 653 gratia
932 555 999 628 Dei
1021 548 1185 625 &effuso
1201 573 1268 642 pro
1285 572 1328 625 ea

262 662 662 763 sanguineSalvatoris3
689 657 747 732 sed
770 646 934 749 tempora
950 653 1172 727 decernenda
1192 651 1261 723 esse
1278 655 1329 724 di·

260 778 418 856 xerunt,
459 761 608 858 praesens
635 760 833 840 videlicet,
870 774 943 846 quo
969 753 1172 854 moriuntur
1200 771 1327 824 omnes

250 865 391 946 ”sanctu
417 863 507 936 sicut
526 875 691 935 mortuus
712 857 763 930 est
784 855 857 949 ipse
879 854 1058 941 Christus,
1095 853 1128 924 dt
1150 851 1325 966 suturpm,

262 988 337 1060 quo
361 960 572 1055 resurgent,
600 959 634 1031 dt
658 960 759 1032 nullo
781 957 960 1031 morituro
986 954 1117 1025 vivent
1141 973 1223 1026 cum
1248 953 1340 1040 rllo,

259 1067 321 1159 qui
336 1066 409 1157 jam
427 1059 630 1153 resurrexit.

340 1168 415 1260 Cap.
433 1163 500 1234 XI.
528 1159 616 1232 Haec
631 1158 726 1230 inter
742 1175 807 1226 eos
821 1172 905 1227 cum
920 1167 1134 1249 agerentur,
1157 1151 1190 1224 dr
1207 1166 1327 1242 quam-

232 1347 236 1355 f
262 1265 321 1337 vis
354 1257 671 1346 manifestaatque
698 1255 852 1328 dilucida
877 1253 1076 1325 Donatistis
1105 1255 1328 1337 certantibus

259 1362 438 1457 superflua
457 1359 743 1451 replicarentur,
770 1353 930 1445 promisit
950 1357 1119 1448 cognitor
1142 1354 1185 1426 de
1203 1355 1256 1427 bis
1276 1353 1326 1446 se,

263 1483 342 1554 quae
354 1460 435 1534 satis
450 1455 799 1546 audisset,·extrema
815 1450 988 1544 sententia
1005 1455 1265 1546 judicaturum,
1292 1455 1327 1527 dt

259 1561 355 1656 juffit
369 1559 457 1634 illud
477 1560 531 1653 agi
549 1554 695 1649 potius,
721 1553 817 1625 unde
837 1553 998 1626 extiterit
1013 1556 1124 1647 prima
1142 1553 1242 1627 causa
1264 1555 1329 1627 dis·

261 1661 349 1736 srdii.
403 1657 514 1731 Tunc
531 1652 730 1727 Donatistae
747 1672 878 1748 urgere
896 1668 1104 1747 coeperunt,
1130 1669 1176 1755 ut·
1191 1655 1235 1739 de
1257 1657 1327 1747 bis,

260 1768 343 1848 'quae
366 1755 535 1846 audisset,
562 1755 724 1846 primitus
743 1751 931 1844 judicaret.
983 1756 1095 1852 Quod
1117 1752 1328 1828 cum'etiam

263 1858 444 1931 Catholici
457 1856 663 1950 exigerent,
690 1852 796 1923 &ille
810 1853 847 1922 in
862 1875 932 1944 eo,
954 1853 1050 1944 quod
1070 1854 1228 1944 dixerat,
1249 1874 1328 1947 per-

260 1971 445 2049 maneret,
465 1956 683 2046 juberetque
701 1950 787 2022 illud
805 1952 860 2053 agi
882 1953 1023 2044 potius,
1048 1970 1089 2026 ut
1104 1953 1204 2026 causa
1222 1954 1327 2044 primi

260 2056 382 2131 dissidii
399 2053 677 2136 monstraretur,
694 2051 1088 2144 petieruntCatholici,
1106 2067 1161 2145 ut,
1180 2075 1256 2142 quae
1272 2052 1328 2125 of·

261 2159 450 2237 serebant,
475 2155 724 2225 recitarentur.
776 2151 889 2248 Quod
905 2173 985 2226 cum
998 2150 1075 2235 sieri
1091 2151 1327 2248 praecepisset,

263 2257 433 2328 obnixius
451 2249 649 2324 Donatistae
672 2245 829 2325 resrstere
850 2254 1087 2346 coeperunt&
1105 2275 1260 2348 cogare,
1286 2266 1329 2324 ut

259 2358 331 2450 jam
347 2354 391 2427 de
407 2353 561 2447 cognitis
574 2347 770 2442 judicaret,
792 2353 942 2444 eadem,
969 2374 1046 2444 quae
1061 2352 1233 2425 transacia
1252 2352 1327 2424 sue·

262 2470 363 2541 rant,
383 2467 591 2547 repetentes
612 2450 645 2521 dt
662 2447 858 2543 addentes,
885 2450 982 2542 quod
999 2453 1151 2524 omnino
1167 2453 1328 2542 judicare

250 2557 308 2631 de
332 2556 391 2645 illa
415 2550 517 2625 causa
539 2569 615 2622 non
638 2548 811 2638 deberet,
837 2570 939 2640 quam
960 2552 1110 2624 volebat
1127 2553 1180 2644 agi
1200 2554 1327 2622 recita-

262 2658 366 2725 tione
387 2672 537 2741 eorum,
565 2669 641 2738 quae
665 2667 685 2720 a
704 2642 902 2724 Catholicis
923 2651 1045 2722 oblata
1072 2648 1215 2722 fuerant
1238 2651 1327 2721 reci·

218 2754 220 2758 ’
243 2753 389 2841 ¹tanda,
417 2750 597 2829 dicentes,
624 2747 728 2840 hujus
749 2747 859 2822 causae
879 2746 1052 2822 Christum
1074 2749 1240 2840 judicem}
1256 2747 1326 2822 esse

263 2852 416 2929 debere,
444 2848 670 2920 &invidiam
696 2846 870 2936 facientes
894 2845 1116 2939 Catholicis,
1144 2849 1240 2938 quod
1262 2851 1329 2921 bo·

263 2952 395 3045 minem
417 2948 624 3041 petiverant
643 2946 825 3038 judicem,
853 2948 1015 3020 dicentesw
1032 2950 1138 3023 etiam
1163 2948 1263 3020 solita
1282 2949 1329 3022 de

262 3045 598 3143 persecutionibus,
632 3066 716 3136 quas
737 3049 879 3139 perpeti
897 3048 1117 3122 viderentur.
1177 3049 1236 3120 Ad
1255 3050 1329 3121 hoc

263 3147 446 3222 Catholici
470 3143 760 3237 responderunt,
796 3168 866 3220 nec
888 3147 932 3219 de
956 3150 1104 3221 homine
1120 3150 1241 3241 judice
1262 3171 1328 3241 po·

263 3248 395 3320 stulato
420 3265 484 3318 eos
507 3246 640 3318 debere
663 3243 784 3318 facere
808 3247 1001 3329 invidiam,
1027 3251 1086 3338 qui
1110 3251 1143 3321 dt
1163 3251 1208 3322 de
1227 3247 1329 3322 causa

261 3344 600 3418 Maximianistarum
620 3343 897 3437 judicaverunt,
923 3367 992 3419 nec
1016 3369 1091 3422 eam
1109 3349 1250 3424 Christo
1273 3350 1329 3439 ju·

241 3446 332 3518 dici
349 3444 606 3534 servaverunt,
631 3441 789 3536 &ipsam
810 3443 987 3518 Caecillani
1007 3449 1142 3523 causam
1165 3451 1326 3541 primitus

262 3544 305 3618 ad
317 3545 520 3620 hominem,
538 3542 611 3613 hoc
626 3542 697 3632 est,
717 3544 759 3616 ad
780 3544 1036 3636 Imperatorem
1054 3547 1329 3624 Constantinum

260 3642 467 3717 accusantes
479 3639 661 3729 miserunt,
674 3662 743 3716 nec
760 3644 804 3715 de
819 3643 1140 3741 persecutionibus,
1154 3651 1250 3738 quod
1268 3651 1328 3721 ali·

260 3747 345 3836 quid
359 3747 403 3815 ab
416 3741 694 3839 imperatoribus
707 3764 776 3833 pro
788 3741 1131 3822 EcclesraCatholici
1145 3763 1327 3843 peterent,

217 3855 219 3858 ’
262 3864 341 3917 cum
356 3861 484 3917 eorum
498 3842 808 3914 circumcelliones
825 3843 973 3915 ducibus
989 3848 1127 3922 clericis
1152 3864 1221 3922 tam
1242 3851 1326 3922 bor·

244 3943 372 4027 ¹reuda
388 3944 478 4019 mala
495 3942 776 4040 committerent,
813 3942 885 4015 Ubi
902 3942 1028 4016 frustra
1044 3948 1323 4041 responderunt,

240 4041 349 4115 'nihil
367 4042 440 4118 hoc
456 4043 499 4118 ad
516 4039 719 4119 sacerdotes
739 4043 941 4136 pertinere,
969 4062 1050 4123 cum
1067 4051 1206 4126 clericis
1228 4050 1327 4120 duci·

327 4176 331 4182 ·
1209 4150 1287 4214 bus
