3200 4784
302 432 375 527 988
463 464 468 475 ·
569 396 1129 499 Mo-nunenrr'Vrrm-
1223 468 1229 475 -

234 578 239 591 '
306 586 379 669 stre
402 580 522 680 pergit
543 581 723 673 intentio,
750 598 904 671 quorum
929 585 1036 659 etiem
1058 580 1382 687 subscriptioneb-

305 700 386 769 tete
405 682 478 774 est,
504 676 869 777 poffitisegnoscere.·
931 740 938 771 ‚
1134 774 1137 779 Ι

234 852 236 859 ,
388 787 445 874 63.
478 783 657 853 Periiinnus
684 779 852 875 Episcopus
874 779 978 849 dixit.-
1009 775 1147 878 Singuli
1172 784 1318 877 quique
1339 784 1382 863 se·

271 970 273 975 ,
312 884 409 963 dium
420 878 618 955 nostrerum
630 872 850 952 adversarios
861 874 1160 975 facile-poliemus
1170 882 1382 981 agnoscere.

239 994 246 1013 ⁶
310 984 406 1059 Sane
429 1001 506 1055 non
527 978 647 1053 falsum
668 978 887 1070 objecimus,
917 974 976 1054 sed
997 978 1191 1075 diligentie
1219 986 1380 1061 maxine

311 1083 386 1175 est,
408 1078 505 1177 quod
524 1074 692 1151 volumus
710 1078 924 1170 &probare
954 1074 1004 1152 Et
1019 1081 1086 1153 alia
1099 1104 1216 1159 manu.
1243 1080 1382 1161 Penii·

310 1203 380 1259 nus
398 1178 592 1273 Episcopus
609 1176 824 1273 recognovi.
1327 1242 1331 1247 .

387 1287 445 1371 64.
474 1280 680 1367 Marcellinus
698 1282 755 1347 vir
768 1270 958 1367 clariffimus
973 1270 1138 1351 Tribunus
1155 1273 1202 1355 θ’
1218 1282 1380 1357 Notarius

311 1381 422 1455 dixit:
445 1368 531 1453 Hoc
543 1366 655 1472 ¹magis
670 1374 714 1449 de
732 1372 848 1448 vestre
861 1376 986 1489 jpdico
1000 1373 1213 1475 sumitate,
1241 1382 1382 1481 diligen·

310 1484 372 1554 tiae
389 1480 511 1571 potius
532 1474 601 1551 eise
622 1496 723 1567 quam
743 1475 850 1547 ullius
868 1474 1000 1568 objebii
1018 1476 1201 1571 criminis,
1230 1486 1334 1575 quod
1348 1484 1380 1557 in

311 1578 571 1675 prosecutione
583 1574 770 1647 dicendum
783 1572 853 1646 eise
867 1574 1018 1649 credidit
1030 1573 1196 1652 sanbiiten
1212 1590 1292 1657 tua.
1319 1580 1380 1657 Sed

311 1679 402 1753 iilud
421 1694 564 1769 quero,
594 1686 714 1745 utrum
734 1676 771 1747 in
797 1672 965 1747 omnibus
989 1676 1081 1748 locis
1109 1675 1378 1755 &civitetibur

311 1770 502 1867 utriusque
525 1775 632 1866 pertis
652 1774 727 1845 bini
750 1770 821 1846 effe
841 1772 979 1866 poiiinn,
995 1770 1184 1871 Episcopi:
1212 1774 1268 1855 fic
1292 1780 1379 1857 enin

311 1875 460 1971 poliunt
477 1872 512 1946 se
529 1874 737 1945 alterutrum
757 1874 866 1965 plene
881 1872 1113 1970 cognoscere.
1325 1930 1328 1937 .

389 1980 449 2062 ⁶5·
473 1973 646 2043 perilianus
667 1968 829 2067 Episcopus
844 1974 950 2046 dixit:
968 1972 1228 2067 Sapientiffime
1243 1996 1288 2052 ac
1301 1998 1377 2077 pne

312 2072 386 2149 scie
401 2073 520 2146 omnia
537 2069 741 2163 previdisti‚
755 2071 813 2142 vir
826 2073 983 2160 nobilir3
1009 2094 1090 2147 nem
1106 2075 1144 2147 in
1161 2074 1275 2164 plebe
1290 2098 1374 2172 rnen,

311 2174 351 2247 id
367 2172 430 2262 est,
444 2172 594 2252 civitate
605 2167 889 2244 Constantinenir
907 2170 1142 2248 adversarium
1156 2165 1283 2253 hnb'en
1295 2176 1373 2253 For·

312 2285 490 2349 tunetum.
541 2266 582 2343 ln
597 2268 717 2345 medio
733 2284 853 2343 eutem
870 2260 1034 2345 Dineeirs
1055 2292 1143 2345 meae
1165 2272 1270 2351 nunc
1289 2276 1372 2351 inib-

226 2434 229 2441 .
311 2386 433 2447 tutum
452 2370 592 2460 habeo,
625 2370 700 2441 imo
722 2368 784 2462 ipsr
810 2368 945 2443 habent
965 2372 1112 2445 nomine
1135 2370 1371 2467 Delphinum:

212 2518 226 2533 -
311 2473 482 2566 pervidet
494 2472 567 2560 jann
581 2470 665 2543 hinc
679 2466 877 2564 prestantia
891 2482 972 2548 tua,
991 2468 1084 2542 duos
1099 2473 1136 2545 in
1152 2474 1261 2549 uniue
1273 2476 1371 2571 plebe

312 2568 415 2645 fuisse
432 2569 636 2666 imaginarie
649 2567 888 2661 constitutos,
914 2568 1195 2647 ut&numerum
1209 2587 1369 2671 augeant,

306 2668 350 2743 b
370 2686 490 2743 tamen
511 2670 669 2761 plebium
691 2689 858 2744 numerus
874 2688 952 2744 non
968 2669 1061 2743 idem
1076 2669 1138 2757 fit,
1163 2673 1227 2765 qui
1250 2674 1369 2748 fitilla·

313 2787 395 2844 rum
412 2767 545 2841 scilicet
562 2770 805 2861 personarum.
858 2765 906 2841 Et
926 2768 999 2842 hoc
1017 2771 1217 2864 argumenti
1237 2772 1290 2848 est
1306 2793 1367 2849 mr·

312 2867 423 2959 ximi,
447 2883 489 2940 ut
503 2867 694 2940 videantur
713 2887 781 2939 nos
802 2868 875 2941 hoc
893 2888 1026 2962 genere
1044 2867 1234 2962 superare,
1259 2873 1366 2947 fiduo

309 2980 443 3039 contra
459 2988 569 3039 unum
590 2966 657 3040 fint
678 2965 866 3038 constituti
885 2968 1050 3040 veltres.
1098 2966 1193 3043 Nem
1212 2974 1318 3047 etiam
1333 2973 1366 3042 in

309 3067 421 3161 plebe
456 3065 635 3157 presentis
668 3062 858 3138 sanbiiifimi
891 3067 1038 3161 collegae
1072 3087 1114 3138 ac
1147 3068 1271 3145 fratris
1302 3069 1367 3145 mei

311 3162 512 3254 Adeodnti‚
531 3164 566 3235 id
586 3164 649 3254 est,
668 3166 706 3235 in
726 3167 874 3237 civitate
894 3162 1108 3237 Milevitana
1124 3166 1174 3239 ita
1193 3166 1366 3265 cornmiffr

310 3281 370 3336 res
389 3262 462 3354 eii,
494 3279 535 3335 ut
554 3282 663 3336 unum
686 3263 816 3335 ibidem
839 3263 968 3335 habeat
986 3263 1254 3362 adversarium,
1288 3270 1365 3341 nite·

309 3380 392 3437 rum
418 3365 453 3434 in
478 3360 656 3435 Tuccensr
677 3362 851 3453 civitate,
877 3362 936 3453 qui
958 3360 1000 3434 ad
1018 3364 1121 3456 hujus
1143 3362 1282 3441 scilicet
1300 3370 1366 3463 pie-

309 3462 393 3535 bem
417 3462 609 3550 antiquitus
631 3463 816 3552 pertinet,
851 3461 885 3534 ἃ
910 3473 993 3535 ante
1018 3463 1210 3538 biennium
1225 3465 1298 3540 eiie
1319 3466 1368 3539 vi·

309 3559 416 3633 detur
448 3563 692 3651 constitutus,
728 3563 855 3634 tertius
887 3580 979 3633 vero
1012 3562 1053 3634 srt
1084 3564 1121 3635 in
1154 3565 1274 3655 loco,
1314 3564 1369 3658 qni

306 3657 439 3733 dicitur
462 3658 672 3734 Ceramussa.
723 3648 822 3757 Ergo
847 3680 929 3735 cum
947 3679 1037 3733 unus
1058 3662 1099 3735 fit
1123 3663 1285 3739 civitatis
1302 3666 1369 3739 Mi·

305 3757 476 3833 levitanae
503 3759 700 3852 Episcopus
727 3778 744 3828 a
774 3754 932 3849 partibus
957 3759 1110 3853 nostris,
1145 3775 1218 3837 tres
1244 3764 1367 3841 viden·

304 3865 366 3925 tur
384 3860 427 3929 ab
452 3862 503 3931 his
527 3858 710 3949 constituti
734 3856 858 3949 fuisse,
885 3860 1090 3934 utiliorum
1114 3880 1286 3938 numerus
1309 3882 1366 3941 ab·

301 3971 468 4048 geretur,
502 3976 563 4030 aut
585 3954 740 4031 forteffis'
756 3959 950 4032 excederet
972 3979 1159 4041 numerum
1186 3964 1364 4047 vernatio.

295 4050 569 4155 Requirendurn
594 4057 645 4137 est
666 4058 798 4159 igitur,
831 4061 975 4154 quando
1000 4058 1122 4136 rubine
1146 4060 1189 4135 srt
1213 4064 1386 4143 iliorum-

1189 4178 1317 4233 nnme«
