3200 4784
227 559 236 626 l

324 379 327 386 ¹
432 423 492 483 nn
516 401 913 500 Donnrrsrnnuu
942 400 1196 483 Hrsronrsu·
1269 427 1344 505 477

273 560 638 647 ediversossstentes,
676 559 806 639 Etcum
821 558 945 641 slicsrcs.
980 566 1029 637 Es
1044 568 1111 639 alia
1126 591 1235 645 manu.
1270 569 1341 646 Re.

227 679 235 726 ·'·
273 663 450 768 ngnovl.
488 653 682 740 'lersllsnus
708 661 877 762 Episcopus
899 662 1005 737 dixis:
1041 660 1209 760 Injul'lum'
1231 673 1340 746 nobis
1392 701 1394 709 ·

227 779 229 824 ῖ
271 772 374 845 facis.
409 768 539 846 Esals‘a
559 790 666 837 mauu.
698 753 880 858 utsupra.

348 889 406 957 50.
433 867 625 963 Augustinus
637 859 801 961 Episcopus
814 861 949 957 Ecclcssae
960 864 1126 936 calholica
1138 866 1239 939 dixit:
1254 863 1341 941 Edi·

271 968 366 1045 &um
389 969 589 1041 nobilitatis
613 980 683 1036 tuae
710 958 757 1037 lle
778 963 816 1037 se
840 964 967 1051 habet,
1000 977 1164 1056 quartum
1183 964 1339 1042 mensem

272 1068 441 1142 concludi
458 1067 502 1140 ad
518 1066 612 1138 diern
626 1062 865 1136 Kalendarum
876 1063 985 1157 Junil.
1017 1062 1117 1136 Ante
1132 1079 1253 1140 ,autern
1267 1086 1339 1139 noe

269 1170 457 1261 venimus,
478 1165 525 1237 ·&
541 1164 625 1257 ipss,
653 1162 712 1253 qui
730 1158 902 1235 videntur
919 1164 1027 1235 nobis
1046 1164 1131 1235 hinc
1149 1163 1269 1237 fauere
1285 1168 1340 1239 in'·

270 1269 427 1361 vidiarn,
454 1262 588 1338 ostano
606 1261 785 1334 Kalendas
802 1257 925 1356 Junias
948 1262 1207 1336 mandaverunt
1218 1285 1234 1359 :¹
1254 1281 1338 1341 cum

269 1370 418 1459 utique,
438 1363 463 1437 s1
479 1379 563 1437 ante
579 1362 672 1434 diem
689 1357 885 1446 venerant,
908 1375 991 1433 ante
1006 1360 1117 1454 ipsum
1131 1363 1224 1436 diem
1240 1385 1341 1437 man·

270 1466 356 1538 dare
382 1465 584 1539 debuerint.
636 1462 794 1557 Legatur
819 1462 925 1534 etiam
946 1460 1051 1552 ipsius
1070 1459 1235 1534 Primiani
1253 1482 1340 1555 pro·

268 1563 391 1647 fessio,
417 1564 460 1638 ad
477 1581 581 1654 quern
600 1561 693 1633 diern
712 1557 746 1631 se
765 1559 950 1653 pollicitus
966 1556 1017 1632 est
1033 1559 1285 1652 occursurum,
1302 1562 1338 1650 os

268 1662 432 1736 solvatur
452 1662 513 1734 ista
532 1659 700 1753 quaestio,
726 1658 771 1731 de
792 1677 861 1749 qua
883 1659 989 1731 nubis
1010 1659 1082 1750 J'arn
1106 1660 1200 1753 apud
1221 1680 1338 1755 popu·

267 1764 342 1836 lum
363 1781 488 1857 magna
506 1763 641 1834 invidia
661 1759 847 1832 concitata
864 1756 926 1834 est.
969 1758 1099 1831 Ersls‘s
1116 1784 1225 1831 manu.
1266 1762 1338 1835 Re·

270 1881 317 1934 co
343 1880 445 1934 nour.
882 1901 884 1906 ·

320 1882 405 2051 gss.
435 1958 649 2029 Marcellinus
669 1959 726 2028 uir
747 1951 932 2050 clariffimus
951 1948 1099 2029 Tiburtus
1118 1956 1157 2035 ὕ
1175 1962 1337 2030 illotarius

267 2060 377 2131 dixit:
413 2056 501 2131 Haec
527 2056 711 2149 superiore
729 2054 869 2148 judicio
895 2055 1132 2131 determinata
1154 2056 1225 2150 jam
1249 2081 1338 2133 con·

267 2158 351 2251 stat,
370 2156 562 2250 praelertim
577 2177 656 2230 cunr
670 2155 830 2248 personae
846 2157 890 2228 ab
905 2167 1056 2247 utraque
1072 2170 1174 2250 parte
1192 2159 1338 2234 videan-

267 2271 329 2331 tur
352 2254 422 2330 elie
448 2252 603 2330 firmato.
663 2251 712 2328 Et
734 2266 855 2328 tarnen
878 2255 925 2347 lr,
952 2272 1034 2330 oum
1060 2256 1161 2330 causa
1187 2260 1338 2351 coeper-it

267 2356 465 2447 retaliari,
484 2354 668 2447 putaverit
684 2353 760 2426 huc
776 2352 937 2427 senilitas
954 2370 1015 2426 tua
1028 2356 1233 2525 relependa,
1250 2373 1339 2430 tunc

267 2457 397 2530 aeolius
421 2456 649 2551 relegentur3
684 2455 847 2545 quamvis
868 2451 1084 2545 superfluum
1117 2469 1168 2544 rt,
1195 2470 1236 2526 ur
1254 2455 1338 2548 post

268 2550 584 2629 confirmationem
604 2550 835 2643 personarum
855 2553 932 2623 haec
951 2568 1066 2624 tenuo
1086 2545 1337 2633 retractentur.
1380 2569 1383 2576 “

265 2652 378 2725 Unde
401 2667 443 2728 ut
463 2650 652 2724 interfatus
676 2648 775 2741 suna,
810 2652 853 2721 ab
878 2649 1131 2726 Ecclefiasticio
1153 2653 1335 2748 Notariis,

268 2754 367 2846 quod
384 2763 601 2844 praeceptunr
621 2746 691 2838 est,
721 2751 905 2825 recitetur.
1289 2819 1291 2825 .

344 2872 402 2938 5²·
434 2851 595 2920 Emeritos
618 2843 786 2945 Episcopus
807 2849 913 2920 dixis.-
948 2848 1214 2944 scripturalis,
1246 2865 1337 2927 tuno

265 2967 336 3024 nos
349 2950 384 3022 in
400 2949 492 3023 diem
509 2943 736 3039 consensisse,
759 2953 840 3021 cum
858 2948 911 3021 isti
928 2948 1021 3025 suam
1037 2952 1253 3025 retinuerint
1267 2973 1338 3026 voa
1356 2963 1358 2968 '

267 3051 452 3124 luntatern.
501 3049 548 3120 Er
565 3050 631 3119 alia
649 3071 756 3122 mauu.
797 3048 852 3120 Ut
868 3046 981 3142 supra.

340 3170 398 3242 53.
427 3147 639 3219 Marcellinus
656 3153 713 3217 vir
728 3143 913 3239 'clorffmus
936 3144 1155 3236 Tribunus&
1173 3148 1335 3224 Notarius

264 3248 369 3319 dixit:
398 3247 575 3341 susceptae
599 3248 729 3321 tabulae
751 3251 794 3322 ab
820 3245 1072 3322 Ecclesiasticis
1092 3246 1256 3322 Notarila
1279 3265 1335 3325 te·

267 3349 436 3421 uitentur.
466 3350 602 3445 Cumque
614 3353 706 3417 iussa
720 3348 885 3419 Suionum
899 3351 1046 3420 volumen
1053 3349 1172 3436 scheda
1186 3352 1335 3423 membra·
1396 3349 1400 3366 ⁸

264 3458 394 3518 nauium
414 3466 473 3543 pro
494 3465 586 3543 parts
609 3449 793 3541 descriptum
815 3448 854 3522 U
876 3450 988 3517 codices
1007 3449 1190 3519 tabularum
1207 3456 1335 3543 pariter·

263 3547 413 3642 olfignaoi
448 3549 642 3643 Judisioss'is
671 3546 848 3637 offerentur
880 3547 1073 3644 ospeiis'ius,
1118 3550 1336 3620 Marcellinus

262 3641 520 3738 uirclosiffisnus
537 3640 751 3721 Tribunus&
763 3648 924 3718 illotarius
936 3649 1040 3717 dixit:
1067 3641 1242 3720 Custodes
1260 3649 1335 3722 edi·

265 3757 373 3837 cant,
398 3760 518 3820 atrurn
534 3741 627 3842 ligna
641 3749 897 3840 cognoverint.
935 3739 1000 3818 Leo
1017 3748 1183 3842 Episcopus
1198 3746 1335 3845 Esslsfiu

265 3847 551 3917 carnosissimis:
578 3841 749 3940 Agnosco
766 3845 912 3942 sigillum
930 3863 1060 3919 meum.
1109 3842 1332 3921 Marinionus

263 3941 431 4041 Episcopus
446 3950 549 4019 dixit:
574 3940 747 4039 Agnosco
762 3942 910 4040 ligulam
927 3965 1058 4019 meum.
1111 3949 1330 4018 Marcellinus

261 4052 321 4117 us's
344 4039 534 4142 clarioisous
561 4036 728 4152 ‘i'siiunus
750 4042 791 4146 j&
813 4047 979 4148 Notarius
1003 4047 1113 4120 dixis:
1147 4039 1342 4201 Quoni&
1397 4047 1399 4052 '

456 4153 459 4162 “
692 4196 697 4205 ,
837 4153 839 4160 '
1265 4157 1296 4203 ἱ
