3200 4784
642 325 646 336 ·
989 306 999 344 Ι

658 367 807 464 [ιω
843 385 1034 446 turnus.
1112 345 1142 440 ,’
1361 395 1382 468 7

381 551 430 630 9.,
450 515 572 612 Etiam
597 529 686 604 illud
711 530 895 622 preterire
923 549 1000 602 non
1028 491 1189 620 possum:
1222 533 1320 623 quod
1342 545 1381 614 te
1406 513 1412 522 ⁸

306 627 487 706 subtiliter
505 628 612 728 egiss'e
630 630 842 723 considero,
868 641 911 714 ut
929 630 971 702 ad
992 629 1217 704 inducendos
1242 635 1301 705 vel
1320 635 1381 706 de·

306 729 499 830 cipiendos
521 731 660 804 animos
685 731 916 819 auditorum,
940 728 1380 821 post=circumcisronisdr

262 817 266 862 ¹
303 831 435 912 diluvii
460 827 764 922 descriptionem,
802 825 943 922 &post
970 829 1111 902 laudern
1140 829 1377 924 Baptismatis,

300 930 496 1022 haereticos
522 949 603 1002 cum
622 930 805 1001 erroribus
824 926 891 1000 suis
911 944 1102 1021 mortuos,
1132 929 1164 1000 u
1185 932 1377 1006 oblivione

298 1031 376 1123 jam
399 1030 559 1122 sepultos
579 1029 848 1119 quodammodo
866 1025 1070 1101 resuscitare
1090 1029 1254 1118 voluisti,
1282 1054 1374 1124 quo·

300 1150 465 1226 rumpet
484 1129 693 1222 prouincias
714 1127 923 1208 Africanas,
949 1147 1024 1200 non
1047 1128 1162 1202 solum
1177 1131 1286 1221 vitia,
1313 1131 1373 1206 sed

301 1231 413 1304 etiam
431 1231 579 1304 uomina
595 1227 811 1300 videbantur
826 1229 962 1322 ignota.
994 1227 1186 1321 Marcion,
1205 1227 1371 1323 Praxeas,

301 1327 502 1414 Sabellum,
535 1328 777 1416 Valentinus,
812 1326 1022 1415 &caeteri,
1054 1328 1237 1418 usquead
1268 1327 1372 1401 Cata·

300 1428 482 1524 phrygas,
508 1427 734 1519 temporibus
753 1423 821 1496 suis
836 1446 855 1500 a
870 1423 1064 1499 Vitiorino
1081 1425 1310 1518 ursanensi,
1337 1428 1372 1502 dt

286 1525 687 1622 ,zepherinoUrbicQ
705 1524 738 1597 dr
756 1521 1014 1598 aTertulliano
1027 1523 1315 1622 Carthaginensr,
1336 1528 1371 1601 dr

300 1629 347 1700 ab
363 1631 438 1700 aliis
453 1626 690 1700 adsertoribus
709 1621 874 1698 Ecclesrae
891 1622 1090 1698 Catholicae
1109 1623 1260 1718 superati
1275 1625 1368 1706 sunt.

297 1717 358 1800 Ut
384 1727 469 1840 quid
489 1727 623 1799 bellum
644 1745 724 1798 cunr
742 1727 894 1796 mortuis
914 1727 1030 1820 geris,
1065 1725 1164 1816 quod
1190 1726 1233 1798 ad
1252 1737 1370 1821 nego·

297 1827 397 1902 cium
413 1827 585 1916 temporis
603 1822 714 1898 nostri
728 1844 804 1895 non
820 1821 1013 1916 pertineti'
1029 1821 1098 1895 Sed
1115 1825 1195 1916 quia
1209 1825 1368 1900 schisma·

294 1925 397 1996 ticos
422 1923 533 1996 hodie
561 1924 691 2014 aliquid
710 1925 871 2014 peccati,
906 1922 1004 2015 quod
1024 1925 1179 2014 probare
1201 1926 1305 2018 pdffis
1328 1927 1367 2000 in

295 2019 538 2113 Catholicos,
563 2043 640 2095 non
663 2023 796 2112 habes,
821 2022 906 2094 ideo
930 2023 972 2094 a'd
991 2026 1236 2126 prolixitatem
1259 2024 1366 2119 scrip-

294 2134 388 2194 turae
414 2134 486 2194 tuae
515 2122 732 2217 augendam,
770 2137 829 2194 tot
855 2122 1046 2196 hereticos
1072 2144 1154 2199 cum
1181 2128 1365 2199 erroribus

294 2219 366 2294 suis
389 2227 674 2302 commemorare
691 2219 850 2296 voluisti.

375 2340 431 2395 10.
456 2319 568 2394 Nunc
590 2320 656 2393 alia
675 2319 821 2412 quaestio
841 2317 902 2394 est
951 2319 1006 2394 Ut
1026 2319 1109 2412 quid
1131 2342 1150 2392 a
1170 2336 1207 2395 te
1228 2343 1365 2397 memo·

293 2419 363 2490 rati
384 2417 466 2492 sunt
481 2419 551 2512 illi,
580 2421 673 2516 apud
700 2442 792 2513 quos
813 2441 889 2493 non
911 2415 991 2492 sunt
1009 2419 1259 2512 Sacramenta,
1286 2443 1364 2512 quaa

292 2518 404 2604 nobis
421 2520 455 2592 dt
472 2522 582 2592 vobis
600 2520 769 2595 videntur
786 2518 857 2594 effe
872 2518 1102 2594 communia?
1129 2519 1266 2592 Sanitas
1283 2541 1362 2593 non

292 2615 432 2714 flagitat
453 2615 675 2696 medicinam.
734 2620 792 2692 De
811 2617 845 2692 se
861 2617 983 2693 secura
998 2622 1137 2707 virtus,
1162 2618 1360 2692 forinsecus

245 2743 256 2816 i
291 2735 371 2790 non
388 2717 512 2808 quaerit
527 2721 666 2793 auxilia.
716 2719 862 2790 Veritas
880 2738 957 2789 non
980 2715 1153 2788 desiderat
1173 2737 1360 2813 argumen.

292 2829 349 2890 ta:
376 2817 503 2912 aegroti
526 2816 601 2909 est,
628 2816 786 2890 remedia
807 2835 983 2906 quarere:
1008 2813 1130 2885 inertis
1151 2816 1183 2889 dr
1203 2817 1359 2890 imbecil-

246 2987 251 3008 ,
290 2913 336 2988 lis
353 2915 427 3007 est,
455 2917 583 2987 auxilia
600 2927 830 3008 comparare:
864 2913 1043 2989 mendacis
1061 2907 1130 3006 est,
1152 2933 1359 3011 argumenta

245 3015 249 3028 '
291 3018 523 3106 conquirere.
583 3015 726 3088 Interea
752 3013 890 3100 dixisti,
922 3014 1013 3106 apud
1037 3014 1227 3090 hereticos
1250 3018 1358 3091 dotes

290 3109 461 3187 Ecclesrae
486 3111 556 3187 effe
583 3135 660 3188 non
686 3112 797 3205 posse.
861 3111 910 3185 Et
936 3111 1032 3185 resse
1063 3114 1195 3188 dixisti:
1231 3114 1357 3190 scimus

290 3214 388 3286 enim
410 3213 660 3287 haereticorum
678 3212 852 3286 Ecclesras
870 3213 1104 3309 srngulorum',
1132 3214 1356 3307 prostitutas,

290 3313 400 3410 nullis
418 3313 587 3407 lega-libus
605 3313 862 3404 Sacramentis,
890 3313 923 3384 dr
947 3314 1017 3386 stne
1034 3315 1115 3403 jure
1131 3314 1269 3388 honesti
1285 3336 1358 3386 ma·

287 3412 455 3500 'trimonii
474 3409 563 3486 eise:
597 3434 683 3504 quas
707 3434 783 3486 non
806 3410 1013 3485 necessarias
1029 3411 1168 3485 recusat
1184 3412 1355 3504 Christus,
1394 3410 1399 3420 “

290 3514 353 3601 qui
384 3507 444 3582 est
473 3509 617 3601 sponsus
652 3513 756 3584 unius
788 3510 980 3583 Ecclrsrae:
1018 3508 1106 3583 sicut
1136 3515 1172 3585 in
1197 3511 1355 3584 Canticis

273 3607 528 3683 [Canticorum
552 3609 626 3701 ipse
643 3610 814 3706 testatur.
874 3610 948 3707 Qui
979 3631 1059 3684 curn
1088 3633 1193 3684 unam
1221 3612 1354 3703 laudat,
1395 3665 1398 3672 .

290 3729 439 3782 steteras
454 3709 631 3800 damnat:
664 3715 746 3799 quia
768 3724 898 3804 praeter
926 3729 1058 3797 unam,
1093 3730 1170 3799 quae
1194 3708 1243 3780 eii
1267 3732 1355 3784 vera

289 3809 502 3900 catholica,
526 3821 662 3880 caeterae
676 3809 768 3900 apud
786 3810 976 3882 hereticos
992 3823 1163 3896 putantur
1181 3807 1268 3881 esse:
1296 3809 1355 3882 sed

288 3928 369 3984 non
394 3905 485 3984 sunt.
544 3908 748 3982 Secundum
775 3909 874 3999 quod
896 3907 1032 3980 indicat
1058 3904 1118 4002 (ut
1144 3907 1243 4001 sopra
1269 3908 1354 3978 dlxi·
1398 3983 1400 3990 ,

287 4007 392 4106 mus)
418 4011 456 4083 in
475 4005 633 4086 canticis
650 4007 905 4184 canticoram,
935 4025 1042 4082 unam
1061 4008 1132 4085 eise
1150 4009 1354 4182 colxumbam
1376 4043 1380 4054 ι

881 4129 907 4203 4
1176 4135 1178 4140 ·
1212 4127 1319 4182 uamx
