3200 4784
512 407 663 464 202
796 439 801 446 .
1032 375 1673 454 Memmius-ra
1721 377 2164 454 Verane·

513 540 835 644 partibus
876 539 1016 613 illis
1062 543 1356 616 minime
1397 537 1740 634 potuisti,
1805 540 1881 613 in
1911 541 2168 633 quibus
2203 536 2273 612 ὅτ
2306 534 2672 633 Apostoli

515 641 844 740 quotidie
888 638 1181 732 sedent,
1246 641 1315 712 δι
1348 659 1567 712 cruor
1602 640 1919 732 ipsorum
1962 641 2106 714 fine
2135 639 2670 716 intermistione

512 746 663 821 Dei
690 743 987 840 gloriam
1015 739 1360 828 testatur}
1408 760 1563 812 non
1607 753 1849 813 tamen
1885 741 2038 814 haec
2071 738 2220 813 sola
2256 741 2469 813 nobis
2503 741 2666 817 visa

512 845 678 930 sunt
720 838 1122 933 metanda,
1180 839 1433 912 Frater
1480 831 1906 933 chariffime,
1973 839 2061 912 ad
2098 861 2255 932 quae
2287 840 2664 915 fueramus

418 999 426 1022 -.
511 932 849 1032 invitati,
898 939 1023 1012 sed
1065 939 1133 1012 &
1178 937 1696 1012 consulendum
1745 941 2112 1012 nobismet
2164 939 2328 1034 ipfis
2375 939 2666 1014 censui-

516 1063 711 1122 mus:
752 1041 819 1112 &
852 1058 1062 1134 quam
1092 1037 1385 1120 div'ersae
1420 1037 1581 1111 sunt
1598 1037 2003 1126 Provincias
2033 1060 2124 1112 ex
2153 1039 2406 1131 quibus
2428 1040 2667 1114 adve-

513 1145 798 1232 nimus,
851 1141 953 1212 ita
990 1139 1060 1210 &
1108 1138 1303 1210 varia
1348 1139 1833 1234 contingunt,
1887 1159 2044 1230 quae
2089 1159 2227 1211 nos
2274 1139 2658 1214 censemus

517 1240 910 1316 observare
960 1237 1248 1318 debere.
1348 1236 1626 1310 Placuit
1670 1258 1847 1336 ergo
1891 1237 2238 1332 praesente
2279 1237 2532 1332 spiritu
2577 1241 2658 1316 S.

516 1343 590 1415 &
622 1339 914 1436 Angelis
951 1339 1145 1430 ejus,
1194 1346 1280 1411 ut
1309 1333 1377 1411 &
1408 1337 1559 1430 his,
1615 1339 1734 1429 qui
1763 1339 2071 1433 fingulos
2103 1353 2320 1428 quos.
2343 1393 2364 1412 .
2391 1393 2407 1411 .
2435 1396 2454 1414 .
2493 1361 2661 1414 mo-

514 1443 793 1529 nebat,
854 1437 1173 1530 judicare
1206 1490 1231 1529 ‚
1300 1437 1791 1530 proferremus
1853 1439 1943 1510 de
1996 1438 2241 1529 quiete
2291 1437 2654 1529 praesenti.

513 1540 796 1624 Placuit
825 1539 1079 1628 etiam,
1134 1550 1511 1626 antequam
1551 1559 1586 1607 a
1621 1549 1698 1608 te
1724 1589 1749 1628 ‚
1806 1537 1928 1628 qui
1963 1538 2278 1629 majores.
2311 1531 2658 1611 dioeceses

510 1653 768 1730 tenes,
833 1657 963 1729 per
1014 1649 1090 1708 te
1133 1633 1559 1727 potiflimum
1600 1637 1932 1710 omnibus
1977 1635 2330 1713 insinuari.
2449 1638 2660 1734 Quid

514 1751 757 1813 autem
791 1736 875 1809 fit
902 1789 927 1827 ‚
997 1735 1195 1826 quod
1233 1731 1690 1820 senserimus,
1754 1734 2022 1829 scripto
2071 1736 2331 1810 nostrae
2374 1738 2659 1811 medio-

515 1838 791 1911 critatis
836 1834 1342 1928 subjunximus.
1439 1833 1545 1906 At
1579 1834 1652 1909 id
1696 1837 1933 1928 primo
1969 1837 2148 1909 loco
2191 1837 2281 1910 de
2321 1837 2474 1910 vita
2513 1854 2686 1911 nos·

510 1937 654 2012 stra
699 1950 913 2027 atque
956 1934 1268 2007 utilitate
1300 1933 1740 2010 trastandum
1774 1936 1958 2029 fuit,
2008 1950 2092 2008 ut
2128 1937 2245 2028 qui
2283 1957 2466 2009 unus
2503 1958 2649 2030 pro

512 2037 758 2114 multis
801 2048 1130 2108 mortuus
1175 2032 1314 2115 est,
1367 2033 1471 2108 est
1496 2033 1924 2127 resurrexit,
1977 2037 2066 2108 ab
2101 2038 2432 2110 omnibus
2467 2051 2655 2112 tem-

512 2157 651 2231 pus
681 2133 906 2229 ipsum
944 2136 1045 2207 ita
1078 2132 1406 2229 religiosa
1434 2148 1680 2208 mente
1709 2136 2184 2228 observetur,
2235 2157 2328 2209 ne
2358 2136 2656 2210 divisio-

512 2258 643 2311 nes
666 2236 788 2308 vel
816 2232 1278 2307 dissentiones
1303 2235 1379 2306 in
1407 2247 1619 2307 tanto
1656 2235 2003 2326 obsequio
2037 2235 2458 2309 devotionis
2485 2235 2654 2329 pos-

510 2337 650 2412 sint
695 2332 1091 2430 exsurgere.
1208 2331 1595 2407 Censemus
1645 2335 1820 2431 e'rgo
1866 2333 2121 2426 pascha
2165 2335 2472 2409 Domini
2510 2353 2648 2429 per

514 2438 769 2510 orbern
814 2447 1053 2506 totum
1097 2453 1238 2506 una
1262 2432 1391 2506 'die
1437 2433 1896 2507 observatum
1941 2434 2050 2504 iri.
2153 2435 2274 2508 De
2304 2436 2414 2508 his
2463 2456 2650 2528 quo-

516 2556 657 2627 que
685 2582 710 2615 ,
777 2534 897 2625 qui
938 2533 1483 2625 quibuscunque
1521 2534 1708 2606 locis
1750 2533 2059 2606 ordinati
2104 2534 2398 2608 fuerunt
2445 2537 2656 2610 mini-

509 2634 673 2725 stri,
726 2635 907 2706 utin
930 2631 1090 2725 ipfis
1118 2633 1303 2706 locis
1336 2630 1827 2725 perseverent.
1931 2633 2050 2707 De
2083 2634 2191 2707 his
2225 2637 2477 2727 etiam,
2519 2636 2644 2726 qui

514 2755 705 2807 arma
734 2735 1130 2827 projiciunt
1162 2735 1230 2804 in
1266 2755 1482 2827 pace,
1533 2735 1803 2827 placuit
1835 2730 2163 2807 abstineri
2203 2739 2331 2807 ens
2367 2757 2403 2807 a
2443 2755 2643 2807 cnm-
