3200 4784
517 425 658 496 140
790 447 817 494 .·
898 453 913 464 -
996 355 2186 496 &Eunonen-reverens

513 529 667 640 hoc
718 539 995 660 tantu'm
1044 561 1365 634 divinum
1413 574 1628 650 atque
1667 560 1947 634 coeleste
1986 560 2358 650 admiror‚¹
2396 560 2485 632 in
2530 557 2653 634 de-'

518 666 835 737 votione
884 659 1141 752 fidem,
1209 661 1283 733 in
1334 661 1487 732 vita
1531 658 2011 750 sanctitatem,
2078 662 2149 732 in
2204 658 2649 734 confeffione

522 762 1037 856 constantiam,
1065 760 1141 832 in
1173 757 1908 852 paffione-viaoriam.
1991 763 2172 855 Quae
2203 779 2318 831 res
2360 761 2648 847 quando

392 893 397 900 ·
518 863 793 938 solae-in
831 859 966 934 suis
1006 862 1399 934 virtutibus
1435 859 1752 956 fulgent,
1818 865 2032 932 tanto
2071 857 2232 931 sunt
2275 880 2528 932 omnes
2570 862 2648 932 in

518 962 804 1057 fingulis
833 963 1261 1051 martyribus
1301 961 1663 1035 clariores,
1766 958 2012 1034 Placet
2040 959 2253 1053 igitur
2283 960 2354 1029 in
2392 958 2653 1050 princi-

521 1064 651 1158 pio
692 1058 964 1135 causam
998 1059 1206 1153 ipssus
1255 1059 1423 1130 belli
1466 1057 1804 1146 tractare,
1857 1060 2226 1150 totiusque
2260 1056 2503 1130 mundi
2553 1058 2654 1128 di-
2731 1135 2734 1140 Δ

520 1160 820 1237 serimen
863 1156 1254 1232 necess'ario
1302 1161 1624 1232 breviter
1669 1160 1867 1232 omni
1902 1159 2271 1229 celeritate
2314 1155 2657 1228 discurre·
2725 1143 2736 1168 ¹

407 1325 412 1332 .
519 1281 648 1350 re,
713 1275 794 1330 ut
836 1260 1463 1353 agnitaveritate,
1518 1260 1585 1331 ἃ
1623 1259 1914 1351 proemia
1947 1255 2358 1348 Martyrum
2401 1254 2468 1328 ἃ
2505 1279 2655 1350 poe-

523 1379 653 1434 nas
690 1361 843 1450 quis
884 1362 1183 1432 noverit
1218 1357 1710 1434 Traditorum.

682 1461 743 1530 22
795 1455 1280 1549 Temporibus
1318 1479 1624 1549 namque
1655 1458 2093 1530 Diocletiani
2134 1457 2200 1530 &
2236 1454 2658 1534 Maximiani

523 1559 789 1634 bellum
832 1557 1165 1640 diabolus
1198 1556 1606 1630 Christianis
1646 1558 1903 1630 indixit
1944 1556 2079 1630 isto
2115 1557 2383 1648 modo,
2433 1574 2517 1628 ut
2554 1556 2654 1627 sa-

486 1655 891 1732 crosancta
936 1654 1233 1728 Domini
1280 1655 1746 1749 testamenta,
1809 1657 1877 1729 &
1926 1660 2104 1730 ritus
2157 1656 2445 1745 sacrOS,
2513 1676 2653 1726 coe-

524 1771 788 1846 rusque
853 1753 1296 1830 sanstiffimos
1364 1759 1729 1830 celebrari·
1769 1755 2090 1833 Domino
2155 1757 2652 1849 prohiberent.

525 1856 667 1929 Sed
720 1875 870 1926 non
928 1856 1095 1926 tulit
1158 1859 1514 1929 exercitus
1570 1858 1868 1930 Domini
1920 1855 2060 1927 Dei
2114 1858 2417 1930 immane
2454 1874 2655 1968 ‘prae-

529 1968 861 2045 ceptum,
910 1951 1451 2050 sacrilegamque
1475 1957 1848 2046 juffionem
1880 1957 2332 2052 perhorruit3
2387 1953 2452 2025 &
2477 1973 2655 2026 mox

527 2051 923 2128 fideixarma
955 2055 1350 2146 corripuit,
1401 2053 1764 2128 descendit
1796 2058 1866 2126 in
1901 2057 2270 2147 proelium‚·
2321 2073 2472 2127 non
2508 2068 2654 2127 tam
2717 2103 2734 2116 -

530 2169 791 2226 contra
826 2153 1195 2245 homines,
1250 2174 1454 2245 quam
1493 2170 1753 2228 contra
1783 2155 2146 2226 diabolum
2188 2169 2656 2249 pugnaturus.

526 2247 631 2327 Et
674 2252 998 2346 quamvis
1037 2251 1389 2325 tradendo
1422 2255 1805 2347 gentilibus
1845 2252 2222 2345 scripturas
2259 2254 2658 2326 dominicas

530 2370 748 2444 atque
773 2350 1197 2428 testamenta
1221 2353 1464 2425 divina
1489 2353 1808 2445 profanis
1832 2354 2108 2448 ignibus
2136 2352 2656 2444 comburenda,

530 2474 573 2526 a
610 2453 779 2526 fidei
834 2452 1123 2528 cardine
1168 2452 1499 2526 cecidere
1538 2455 1922 2541 nonnulli,
1994 2447 2499 2524 conlerv'ando
2556 2463 2661 2523 ta-

528 2573 694 2628 men
739 2573 897 2641 εςιε,
952 2552 1019 2622 δι
1056 2572 1192 2643 pro
1229 2552 1387 2646 ipsis
1423 2554 1731 2626 libenter
1759 2552 1954 2624 sunm
1991 2548 2396 2647 sanguinem
2427 2549 2659 2622 effun-

528 2650 823 2744 dendo,
875 2650 1169 2724 fortiter
1214 2652 1457 2746 fecere
1510 2673 1716 2742 quam
1765 2653 2093 2745 plurimi,
2160 2651 2422 2741 quique
2462 2651 2658 2741 pleni

530 2751 762 2839 Deo,
842 2751 1134 2823 deviem
1190 2771 1402 2839 atque
1506 2753 1819 2823 rostrato
1867 2753 2159 2823 diabolo
2227 2828 2230 2831 ,
2291 2746 2659 2823 νίἕὶτὶεεπι
