3200 4784
401 442 462 499 ns
485 409 900 520 Doris-'rrsrnnuss
921 409 1185 524 Hiaionrp.
1249 436 1335 514 sss

261 579 360 663 tare:
378 586 440 676 qui
451 580 1034 673 recensordinatusPresbyteros
1045 578 1248 674 supradisiae
1260 584 1337 676 ple·

217 737 219 742 -
262 687 319 762 bis
337 686 379 759 ad
397 686 686 777 conjurationem
700 682 817 776 impiae
837 680 1113 775 conspirationis
1131 684 1336 777 impellent,

261 788 337 862 hoc
352 787 395 860 ab
412 786 463 857 eis
481 786 586 856 velut
599 785 765 872 precario
779 783 861 873 ju're
880 778 1095 872 postulavit,
1120 798 1162 854 ut
1178 783 1221 854 ad
1237 780 1338 856 denr-
1383 779 1388 792 '

263 886 405 961 nando's
424 896 580 976 quatuor
595 882 805 968 Diaconos,
832 882 933 952 viros
953 881 1118 977 egregios
1132 901 1174 955 ac
1188 880 1338 978 singule·

264 989 363 1060 ribus
379 986 515 1066 meritis
533 984 779 1076 approbatos,
804 978 1062 1054 Maximianum
1077 979 1234 1073 scilicet,
1260 980 1337 1057 Ro·

236 1125 239 1130 ·
266 1088 471 1181 gatianum,
499 1082 709 1172 Donatum,
735 1081 1131 1174 itemquesalgamium
1155 1079 1337 1179 consenti·

265 1199 376 1274 rent,¹
398 1180 696 1256 &incunctanter
710 1181 744 1252 ci
758 1180 1036 1277 promitterent,
1058 1180 1337 1257 accommodare

267 1281 488 1358 consensum.
578 1299 581 1306 ·
1083 1343 1087 1352 .
1308 1315 1318 1368 ·.

341 1382 451 1475 Cujus
470 1381 519 1452 illi
536 1379 627 1452 mala
641 1372 892 1474 presumtione
905 1374 1090 1470 stupefacti
1105 1396 1187 1453 cum
1204 1379 1279 1458 rem
1295 1383 1337 1462 fi.

265 1484 382 1558 lentio
402 1478 633 1569 refellissent,
660 1495 725 1570 per
744 1473 779 1548 se
798 1476 994 1572 cogitatum
1011 1476 1123 1551 scelus
1142 1500 1219 1555 non
1236 1485 1337 1562 dubi·

266 1583 362 1655 tavit
377 1582 544 1674 implere,
563 1598 676 1668 usque
692 1575 797 1655 adeo,
811 1589 853 1649 ut
867 1577 905 1648 in
921 1576 1188 1654 Maximianum·
1199 1581 1337 1658 Disco.

267 1704 353 1755 num
376 1681 519 1761 virum,
551 1677 641 1749 sicut
662 1676 831 1749 omnibus
850 1690 979 1750 notum
1000 1675 1074 1770 est,
1099 1680 1336 1764 innocentem

267 1781 343 1855 fine
366 1776 488 1869 causa,
511 1776 584 1850 sine
604 1772 838 1867 accusatore,
864 1774 936 1847 sine
957 1774 1081 1871 teste,¹
1095 1778 1275 1857 absentem
1291 1802 1336 1868 sc

267 1878 364 1953 letio
400 1880 618 1968 cubantem,
647 1875 863 1948 sententiam
896 1886 1040 1967 putaret
1072 1874 1142 1950 else
1166 1901 1337 1973 promen·

269 1981 373 2052 dam:
406 1976 472 2069 qui
487 1977 562 2070 jam
583 1971 724 2078 pridem
745 1972 908 2048 Clericus
933 1994 1011 2048 non
1038 1975 1183 2062 dillimili
1208 1981 1336 2056 furore

268 2080 463 2154 damnarat.
715 2091 718 2096 ·
1199 2131 1201 2138 .

301 2201 305 2229 ·
344 2176 438 2249 Nam
462 2195 544 2248 cum
563 2172 721 2247 incestos
739 2185 870 2250 contra
889 2171 1004 2271 legent
1023 2174 1240 2271 decretaque
1260 2194 1338 2258 om·

268 2279 367 2353 nium
394 2275 630 2368 ¹Strccrdotum
661 2273 910 2348 communioni
942 2272 1068 2348 sandius
1100 2280 1336 2376 adjungeret:

270 2397 423 2468 cumque
444 2373 637 2449 obsistente
660 2374 813 2448 maxima
840 2389 943 2466 parte
966 2375 1104 2468 plebis,
1139 2380 1246 2453 etiam
1273 2381 1337 2455 Se·
1357 2387 1368 2404 '‘

269 2481 414 2552 niorum
432 2473 727 2549 nobilissimorum
750 2473 888 2545 litteris
906 2476 1189 2568 conveniretur,
1216 2473 1257 2552 u't
1269 2500 1337 2571 per

269 2577 304 2651 se
329 2577 552 2672 corrigeret,
589 2573 688 2666 quod
712 2570 920 2659 admiserat3
952 2570 1012 2644 sua
1035 2577 1239 2651 temeritate
1256 2577 1337 2671 pos-

268 2675 376 2749 sessus
392 2674 587 2748 ¹emendare
609 2670 813 2745 contemsit.
864 2669 932 2743 His
955 2672 1077 2762 itaque
1099 2679 1254 2765 permoti
1275 2676 1337 2754 Se·

269 2778 393 2847 niores
413 2771 579 2844 Ecclesrae
602 2766 802 2860 supradislae
824 2769 867 2841 ad
883 2770 1087 2846 universum
1104 2775 1252 2849 chorum
1280 2779 1339 2850 lit·

270 2887 366 2946 teras
386 2874 598 2965 legatosque
622 2867 809 2955 miserunt,
845 2871 972 2960 quibus
990 2891 1065 2944 non
1081 2872 1153 2946 sme
1167 2875 1334 2969 lacrymis

271 2972 454 3065 deprecati
476 2967 575 3059 sunt,
602 2980 643 3039 ut
662 2967 704 3040 ad
714 2955 757 3041 ‘se
778 2968 980 3042 ferventius
1002 2972 1227 3063 veniremus;
1260 2996 1336 3068 quo

269 3069 448 3167 perpenso
471 3070 657 3142 libramine
680 3069 981 3143 intentationibus
1009 3074 1228 3168 exploratis,
1262 3076 1338 3150 eni·

269 3172 425 3247 stimatio
442 3166 607 3241 Ecclesia
622 3182 843 3263 purgaretur.
1011 3194 1014 3202 ·
1115 3261 1119 3270 Ι

343 3268 403 3343 Ad
423 3269 516 3342 hanc
536 3269 710 3360 proinde,
737 3287 817 3339 cum
839 3264 1030 3344 secundum
1051 3287 1337 3350 memoratorum

270 3370 408 3444 litteras
433 3370 661 3456 veniremus;
695 3379 785 3442 nota
806 3364 864 3439 sua
884 3368 944 3441 ille
964 3372 1107 3444 ratione
1129 3371 1336 3448 fervescens

260 3471 469 3556 ,adventum
495 3465 655 3542 nostrum
679 3469 825 3561 penitus
848 3468 1055 3542 declinavit.
1114 3472 1187 3564 Qui
1209 3490 1337 3561 usque·

273 3590 414 3663 quaque
432 3567 557 3639 rebelli
575 3567 694 3642 animo
714 3566 943 3639 recalcitrans
963 3568 1000 3638 in
1019 3568 1115 3640 malo
1132 3570 1336 3665 permansit,

272 3683 335 3762 ut,
362 3663 540 3740 conducis
556 3666 784 3737 multitudine
804 3667 1027 3757 perditorum
1046 3681 1154 3757 atque
1171 3670 1340 3761 impetre-

273 3769 318 3840 tis
337 3766 584 3845 Officialibus,
616 3763 840 3838 Basilicarum
857 3766 982 3856 januas
1003 3764 1241 3861 obsedissent,
1275 3769 1338 3862 qul

271 3866 492 3961 ingrediendi
525 3866 632 3935 nobis
666 3880 774 3953 atque
799 3864 926 3956 agendi
952 3864 1123 3937 solemnia
1145 3866 1342 3946 interdice-

264 3979 355 4038 rent
372 3966 591 4040 facultatem.
650 3962 740 4035 Haec
761 3959 1071 4055 s1·Episcoporum
1090 3967 1270 4040 convenit
1287 3967 1338 4041 fr·

269 4081 376 4161 nere,
401 4064 428 4141 ss
446 4062 650 4146 Christianis
665 4063 756 4137 licet
771 4061 962 4138 admittere
970 4109 986 4159 ,·
1008 4062 1338 4159 shocEvangelia

713 4219 719 4226 .
797 4191 802 4200 ¹
1205 4185 1292 4256 qm·
