3200 4784
409 422 473 480 nt
496 400 894 508 Dunarrerauuar
917 398 1172 522 istarum.
1256 383 1328 506 §93

259 576 342 658 tea,
367 564 412 642 ed
426 564 551 658 judieii
574 565 763 663 veritatem
780 565 951 637 nolenter
970 560 1207 660 descendere,
1236 575 1331 663 quaess

259 681 349 742 runt
362 661 541 742 immissam
557 662 732 737 abbionem
748 661 937 762 turpillime
952 666 1172 756 perturbare.
1202 668 1329 746 Eraiiu
1381 707 1385 722 ·

259 791 370 839 manu.
408 762 588 838 Emeritus
607 758 804 856 Episcopua
822 764 1038 854 recognovi.
1058 797 1063 806 ·

339 875 407 948 81..
424 864 616 963 Augustinus
631 863 793 959 Episcopus
807 861 941 948 Ecclefiae
949 863 1119 933 catholice
1133 866 1239 937 diarii:
1265 865 1330 944 Ad

258 966 375 1040 multa
398 963 519 1037 fratris
539 957 621 1038 mei·
633 963 757 1036 videat
775 961 946 1034 nobilitat
965 975 1049 1047 tua,
1086 981 1190 1054 quarn
1212 987 1328 1058 pauca

261 1064 508 1156 respondeam.
561 1062 683 1157 Quod
706 1061 731 1136 si
754 1062 861 1135 nobie
885 1053 1070 1136 viluerint
1093 1062 1331 1164 respondere,

262 1160 367 1235 causa
391 1177 472 1235 tote
494 1162 570 1234 cito
593 1160 741 1238 forsitan
764 1174 974 1258 peragetur:
1005 1164 1236 1238 metuendum
1261 1165 1329 1263 est,

262 1281 312 1338 ue
329 1261 415 1336 ideo
431 1283 507 1336 non
524 1260 587 1334 fiat
604 1263 778 1333 tumultus
790 1262 834 1336 ab
849 1261 915 1334 hac
929 1261 1054 1351 turbe,
1081 1282 1158 1353 qum
1174 1264 1326 1354 praesena

215 1409 224 1417 -
264 1359 335 1444 est,
359 1365 443 1453 qula
460 1381 537 1435 non
553 1360 612 1434 hic
636 1358 687 1434 est
710 1359 778 1438 aliu
794 1359 1012 1451 multitudo,
1036 1361 1074 1434 in
1098 1381 1202 1454 quam
1224 1365 1331 1459 poliit

261 1460 390 1535 referri
406 1459 573 1538 causatio.
603 1461 650 1532 Ee
666 1459 853 1535 eiiamanu.
878 1457 1112 1555 Recognovi.

339 1568 396 1641 82.
426 1563 606 1634 lucilianus
621 1561 787 1656 Episcopus
799 1560 900 1629 dlxii:
928 1553 1125 1631 confiteris
1142 1560 1225 1634 iilos
1245 1581 1329 1638 clim

262 1664 420 1733 tumultu
442 1659 513 1735 elle
532 1674 722 1735 venturos.
773 1657 869 1732 Nam
893 1656 953 1728 hic
977 1659 1150 1732 tumultui
1170 1681 1239 1734 nec
1259 1659 1330 1735 suit

263 1778 336 1831 nec
358 1761 427 1831 erit
449 1781 469 1832 a
492 1761 652 1852 partibus
677 1755 820 1836 nostris.
858 1757 905 1832 Er
920 1757 986 1831 asia
1001 1782 1108 1831 nanu.
1147 1755 1349 1838 Emeritua'

263 1852 465 1952 Episcopus
482 1860 698 1954 recognovi.
1281 1869 1285 1886 ¹

338 1965 394 2047 83.
410 1958 600 2056 Augussrnus
614 1958 774 2054 Episcopus
786 1954 921 2048 Ectscssa
932 1956 1099 2027 calholica
1111 1958 1219 2029 dixis:
1235 1956 1329 2036 Non

266 2052 452 2131 confiteor
470 2077 552 2130 cum
568 2059 725 2130 tumultu
743 2053 814 2130 esse
828 2066 1027 2141 venturore
1053 2053 1111 2129 sed
1127 2057 1262 2150 timeo,
1282 2079 1331 2136 ne

263 2155 351 2228 ideo
365 2155 480 2231 adhue
496 2155 652 2247 quiescat
667 2155 863 2230 multitudo
878 2154 1049 2247 presens,
1074 2157 1156 2250 quia
1172 2157 1329 2254 nonest,

264 2255 302 2327 in
326 2243 431 2346 quem
448 2254 609 2346 referat,
642 2253 667 2328 tl
683 2255 768 2346 quid
787 2253 886 2328 sorte
906 2253 1132 2328 turbulenter
1152 2258 1331 2350 extiterit,

264 2353 348 2426 dum
365 2368 517 2447 utraque
531 2352 682 2447 praesens
698 2353 808 2426 fuerit
824 2353 1031 2428 multitudo.
1082 2353 1262 2448 Petimus,
1288 2368 1332 2432 ut

265 2452 364 2544 quod
380 2453 509 2534 didbum
526 2453 597 2545 est,
616 2451 697 2527 liat:
722 2455 769 2527 de
784 2471 1003 2543 quocunque
1016 2451 1219 2546 dubitatur,
1239 2473 1332 2554 prar-

262 2551 435 2630 sentetur.
474 2554 520 2626 Er
536 2554 604 2625 alia
622 2575 731 2624 manu.
766 2550 1001 2644 Recognovi.
1141 2551 1150 2564 “

342 2659 400 2739 84.
427 2653 604 2724 adeodatus
626 2650 793 2745 Episcopus
809 2651 919 2719 dixit:
944 2646 1032 2721 Si'ill
1049 2669 1185 2741 palleos
1202 2651 1332 2724 tumul.

264 2759 324 2820 tus
339 2745 416 2820 lieri
437 2771 512 2822 non
527 2747 666 2841 potest,
693 2751 730 2821 in
747 2748 920 2838 plurimos
938 2743 1015 2818 fieri
1032 2749 1331 2838 quemadmodum

267 2845 416 2940 potest?
447 2845 494 2920 Et
508 2849 574 2920 ulia
589 2871 697 2919 munu.
723 2837 955 2941 Recognovr.
994 2848 1145 2919 Aurelius
1163 2849 1330 2946 Episcopus

268 2946 404 3042 Eiciefiu
421 2948 577 3021 coemite
594 2951 702 3020 diuite
726 2944 865 3044 Judica.
900 2946 948 3018 Ee
961 2944 1027 3018 ulia
1040 2971 1148 3024 manu.
1186 2948 1331 3050 Recog'·

266 3063 372 3121 novt.
432 3103 435 3108 .
692 3081 696 3088 ,
1037 3067 1039 3069 ·

343 3154 400 3235 85.
428 3140 641 3218 Murredium
655 3148 713 3215 vir
727 3140 918 3234 tiariffimur
935 3139 1100 3217 Tribunus
1117 3147 1157 3222 U
1168 3131 1331 3220 Mearm

268 3245 375 3316 dixit:
408 3243 532 3318 Potest
549 3245 690 3338 quidem
711 3241 940 3318 sacerdotalia
956 3245 1152 3322 multitudo
1173 3247 1333 3328 divinam

267 3342 498 3418 considerans
515 3346 711 3434 utrobique
725 3341 934 3417 sententian
952 3345 1058 3417 etiam
1073 3346 1109 3417 in
1127 3347 1253 3435 quevie
1266 3366 1335 3441 po·

267 3442 461 3539 pulosrtate
479 3441 642 3533 praestare
656 3442 850 3516 silentium:
876 3440 935 3513 sed
949 3442 1036 3514 illud
1052 3456 1188 3517 certum
1203 3443 1273 3536 est,
1295 3443 1331 3523 dt

268 3543 398 3636 ambigi
419 3542 621 3615 nullatenus
644 3540 786 3632 potest,
813 3542 1028 3633 paucitatem
1055 3543 1166 3635 magis
1190 3542 1334 3619 silentiu

266 3639 370 3738 posse
384 3642 543 3732 praebere
557 3637 777 3719 eonsensum.
823 3639 932 3713 Unde
947 3659 993 3712 ne
1008 3637 1191 3731 ssrpersluia
1204 3643 1331 3717 immo·

268 3760 403 3828 remur,
422 3737 504 3812 fide
518 3737 832 3830 sbbsctiptionibuu
847 3740 961 3829 aliqua
975 3737 1025 3811 est
1037 3739 1230 3832 dubitatio,
1248 3761 1333 3838 eoa,
1354 3797 1365 3810 ,

271 3857 364 3930 quoa
375 3859 445 3912 nee
456 3834 646 3930 praesentes
661 3836 753 3929 elie,
772 3858 842 3909 nec
855 3836 1071 3910 subscribere
1084 3837 1239 3932 potuisse
1254 3861 1334 3916 ure·

271 3937 326 4011 dit
343 3935 501 4012 senilitas
521 3936 659 4028 vestra,
690 3936 818 4010 faciam
838 3937 880 4009 ad
895 3937 1065 4026 judicium
1087 3957 1175 4012 mox
1191 3941 1333 4030 venire,

256 4047 316 4116 ut
333 4037 476 4118 taudem
494 4037 686 4138 aliquando
703 4032 925 4238 congignastia
942 4035 1133 4120 secuudum
1147 4035 1336 4231 meent&

721 4304 727 4316 '
783 4341 812 4412 a
