3200 4784
644 419 782 514 146
1051 408 1730 488 ΙΙΜοιεῐυικιιεικῐϊιι
1797 411 2208 489 Vna-mm

641 574 939 652 coelestis
988 575 1187 668 regni
1238 575 1854 666 contemplatione
1900 574 2355 647 considerans
2387 595 2610 670 parva
2643 575 2758 649 ad·

637 679 932 754 modum
960 696 1040 746 ac
1071 675 1262 744 levia
1286 671 1445 746 suos
1466 671 2000 765 Commartyres
2026 672 2382 764 sustinere,
2413 674 2761 770 congredi

639 778 851 851 etiam
879 772 1019 867 ipse
1052 772 1291 858 taliter
1321 774 1589 864 coepit.,
1627 773 1813 845 Nam
1837 773 2122 846 dicente
2145 773 2606 864 proconsule,
2630 773 2757 845 Tu

632 873 895 950 contra
917 871 1286 968 juflioncm
1318 870 1840 964 Imperatorum
1871 873 1938 945 &
1977 871 2321 945 Caesarum
2360 872 2584 947 fecisti
2609 927 2632 964 ‚
2673 887 2757 945 ut

635 975 773 1049 hos
798 973 1049 1048 omnes
1074 971 1487 1067 colligeres:
1520 970 1892 1063 respondit
1910 970 2292 1063 Presbyter
2308 972 2760 1056 Saturnium,

636 1074 933 1147 Domini
980 1067 1226 1166 spiritu
1276 1068 1699 1165 suggerente
1747 1068 2069 1144 securus:
2137 1072 2600 1145 Dominicum
2639 1093 2762 1143 ce-

634 1173 1095 1248 lebravimus.
1161 1167 1547 1242 Proconsul
1580 1171 1713 1242 ait:
1753 1168 2048 1265 Quare?
2087 1170 2521 1265 Respondit:
2568 1174 2760 1270 Quia

634 1293 788 1346 non
814 1267 1055 1365 potest
1081 1269 1456 1342 intermitti
1483 1270 1939 1352 dominicum.
2047 1271 2192 1364 Qui
2220 1291 2435 1363 mox,
2492 1287 2573 1340 ut
2604 1275 2760 1343 haec

636 1373 863 1462 dixit,
916 1381 1175 1443 contra
1218 1368 1564 1441 Dativum
1613 1367 1840 1442 statim
1880 1369 2089 1459 jubet
2127 1371 2380 1462 aptari:
2476 1367 2761 1461 Specta-

631 1472 757 1566 bat
804 1471 1079 1544 interea
1115 1467 1421 1540 Dativus
1476 1471 1905 1542 laniamenta
1964 1471 2291 1561 corporis
2339 1468 2436 1541 sui
2478 1472 2757 1564 potiu3‚

632 1579 843 1661 'quam
890 1569 1182 1641 dolebat
1212 1619 1236 1658 ,
1303 1567 1368 1638 &
1415 1568 1614 1659 cujus
1661 1567 1744 1638 ad
1788 1565 2182 1641 Dominum
2213 1589 2410 1640 mens
2454 1570 2760 1642 animus-

632 1690 773 1761 que
805 1668 1203 1760 pendebat,
1228 1666 1415 1740 ‚nihil
1442 1666 1774 1740 dolorem
1806 1669 2137 1760 corporis
2170 1666 2590 1755 aestimabat:
2636 1667 2759 1741 sed

632 1780 907 1841 tantum
941 1765 1332 1839 Dominum
1373 1767 1798 1858 precabatur
1843 1766 2124 1839 dicens:
2192 1768 2513 1840 Subveni
2560 1788 2752 1864 rogo

633 1864 979 1957 Christe,'
1016 1866 1198 1938 habe
1252 1867 1642 1959 pietatem,
1715 1863 1916 1936 serva
1965 1869 2258 1940 animam
2307 1867 2600 1964 meam„
2632 1888 2755 1938 cu·

627 1963 811 2038 stodi
847 1964 1161 2056 spiritum
1192 1983 1472 2055 meum,
1514 1986 1666 2036 non
1701 1963 2122 2040 confundar.
2195 1965 2414 2061 Rogo
2450 1965 2752 2060 Christe,

632 2063 719 2136 da
768 2057 1273 2138 sufferentiam.
1344 2063 1506 2134 .Cui
1563 2084 1721 2135 cum
1772 2086 1810 2135 a
1859 2062 2299 2138 Proconsule
2348 2065 2751 2152 diceretur:

627 2161 743 2236 Ex
792 2165 924 2240 hac
967 2161 1424 2255 splendiffima
1469 2163 1766 2234 civitate
1801 2165 2015 2257 magis
2058 2165 2401 2237 debueras
2444 2166 2620 2237 alios
2661 2165 2753 2237 ad

628 2261 895 2340 bonam
924 2276 1236 2335 mentem
1275 2282 1587 2353 vocare,
1642 2261 1709 2332 &
1748 2283 1900 2334 non
1939 2278 2192 2335 contra
2225 2276 2581 2358 praecepta
2617 2263 2756 2339 lm-

628 2376 1043 2456 peratorum
1103 2361 1170 2432 &
1226 2359 1565 2433 Caesarum
1623 2360 1906 2433 facere:
1981 2361 2239 2434 fortius
2298 2377 2512 2453 atque
2575 2382 2755 2435 con-

624 2455 923 2534 stantius
954 2462 1422 2544 acclamabat:
1466 2459 1894 2533 Christianus
1922 2462 2088 2535 sum.
2145 2519 2150 2524 .
2194 2465 2358 2560 Qua
2389 2483 2580 2534 voce
2610 2462 2754 2535 dia·

628 2561 841 2634 bolus
878 2561 1243 2653 superatus
1270 2613 1295 2652 ,
1349 2558 1617 2648 Parce,
1668 2560 1919 2650 inquit.
1957 2555 1962 2562 '
2036 2561 2397 2653 Simulque
2431 2564 2622 2633 illum
2675 2563 2753 2636 in

624 2681 985 2833 1carcerem
1036 2659 1373 2752 tradens,
1442 2657 1733 2754 paffioni
1778 2659 2149 2758 condignae
2194 2661 2590 2751 Martyrem
2637 2681 2750 2734 re·

585 2789 591 2795 ·
656 2761 966 2833 ervavit.
1699 2805 1704 2810 -
