3200 4784
381 394 442 487 o'a
466 360 877 512 Dounurar‘tauu
900 386 1196 496 'Humidus
1236 364 1315 518 tsi·
1352 478 1355 483 .

241 576 322 652 nias
349 571 480 647 Cartha
507 574 576 646 ine.
615 571 683 645 'Et
711 596 781 641 cum
805 568 985 663 reciroffer,
1020 578 1230 650 Marcomons
1252 588 1311 657 vir

245 674 432 769 clarisfimrts
492 674 624 742 tibanus
648 672 686 749 U
709 677 869 745 Notarius
892 676 999 747 dixer.-
1035 673 1174 751 Caetcra
1193 686 1312 775 perle-

243 790 405 873 gantur.
439 775 636 862 Rufinianus
659 775 770 843 Scriba
795 780 965 845 miravit:
996 771 1204 871 Januariua,
1239 781 1314 855 Pri.

244 877 406 963 anianus,
431 871 553 959 Felix,
581 874 769 960 Donatus,
793 869 1013 964 Candorius,
1036 872 1215 972 Optatus,
1235 880 1331 955 An·

245 975 439 1064 tonianua,
465 971 718 1062 Donatianua,
746 970 996 1063 Victorianus,
1022 971 1167 1068 Fortis,
1196 980 1316 1053 ἀρε.-

243 1074 336 1159 teri3
363 1071 562 1163 primiano,
578 1071 775 1156 Petiliano,
796 1068 975 1162 Emetito,
994 1071 1194 1170 Montan0,
1216 1078 1314 1154 Gau.

245 1174 404 1263 dentio,
447 1170 644 1247 Adeodato
679 1167 914 1263 coepiscopis
951 1170 1081 1247 nostris
1121 1178 1311 1267 presentet

245 1270 475 1368 presentibus
495 1268 651 1344 salutern.
687 1267 733 1342 Er
748 1294 817 1340 cum
832 1276 997 1357 recitaret,
1017 1277 1170 1345 Aurelius
1186 1282 1314 1373 Episco-

243 1396 303 1469 pus
325 1373 459 1459 Ettsefia
473 1369 644 1445 Cothositae
657 1372 759 1442 dixit:
786 1370 997 1463 jamdudum
1012 1374 1086 1466 ipse
1102 1374 1312 1474 subscripsit.

246 1472 390 1563 Mod0,
409 1472 518 1561 dixit,
532 1469 705 1545 ,Clericus
722 1466 941 1562 subscripsit,
970 1474 1085 1551 modo
1102 1473 1312 1570 Episcopus.

250 1574 298 1646 Er
317 1596 384 1643 cum
398 1574 523 1645 ditares.
552 1572 597 1643 Er
616 1571 682 1641 olio
699 1592 805 1643 maru.
827 1567 1063 1666 Recognovi.
1099 1580 1315 1651 Morccdinus
1383 1562 1394 1581 κ

246 1678 304 1743 vir
321 1672 504 1769 ciorisfimus
529 1668 692 1742 'Tribmuu
717 1666 753 1745 Θ
779 1672 942 1743 Notarius
957 1678 1064 1744 dfxit:
1089 1673 1313 1773 Advertitis,

247 1769 437 1866 praesentes
458 1768 686 1863 presentibus
705 1767 896 1862 peragendi
913 1773 1053 1863 negotii
1072 1772 1202 1850 dedisse
1218 1800 1315 1853 man·

248 1872 380 1944 datum.
417 1871 619 1968 Quomodo
632 1872 739 1965 igitur
757 1868 835 1965 hic,
851 1869 911 1957 qui
927 1868 1077 1959 praesena
1091 1875 1127 1945 in
1144 1876 1211 1948 hac
1223 1881 1317 1953 urbe

248 1966 285 2043 se
310 1972 404 2045 inter
429 1984 581 2045 ceteros
604 1970 675 2041 fine
701 1968 813 2041 dubio
838 1966 1015 2042 rnaudaise
1043 1973 1218 2064 professus
1248 1978 1314 2072 est,

250 2069 284 2142 ἃ
310 2071 345 2142 in
372 2071 501 2143 itinere
526 2070 656 2141 dicitur
682 2064 873 2159 defecisse,
911 2066 1005 2143 &in
1029 2070 1096 2145 hac
1120 2077 1209 2149 urbe
1235 2075 1316 2150 sub·

248 2166 415 2261 scripsisse
440 2166 640 2247 mandatos·
678 2169 852 2241 adeodatus
884 2168 1050 2265 Episcopus
1075 2172 1180 2259 dixit:
1215 2173 1317 2250 Octo

250 2268 327 2347 dies
343 2268 472 2343 emensa
492 2266 592 2361 sunt,
608 2282 649 2341 ut
661 2267 866 2343 mandatum
881 2267 1084 2345 confectum
1098 2271 1161 2345 est.
1207 2274 1242 2346 ls
1256 2275 1319 2365 qui
1355 2336 1360 2359 ,

250 2369 454 2445 mandavit.
482 2368 526 2444 de
548 2370 648 2460 cujus
664 2369 815 2442 nomine
829 2386 926 2439 nunc
946 2370 1081 2461 agitur,
1108 2391 1188 2445 cunr
1206 2394 1320 2467 aegro.

251 2482 329 2543 tare
347 2467 528 2561 coepiss'dt,
556 2472 598 2542 ad
618 2471 763 2562 propria
788 2486 950 2537 remeans
969 2469 1005 2537 in
1022 2468 1153 2539 itinere
1172 2471 1319 2555 defecit.

253 2571 386 2648 Erotio
404 2592 513 2643 manu.
542 2567 755 2639 Adeodatua
769 2562 967 2654 Episcopus
984 2571 1197 2663 recognovi.
1231 2576 1321 2643 Vin.
1359 2574 1362 2579 '

252 2676 376 2747 tentius
404 2669 568 2760 Episcopus
594 2663 734 2755 Eccscfiae
758 2660 927 2735 catholica
943 2665 1046 2736 dr'xr'tt
1083 2665 1215 2760 Dicat,
1242 2646 1318 2763 qu⁸0

250 2769 289 2841 in
312 2769 398 2838 loco
420 2764 564 2837 defecit.
594 2765 640 2833 Er
658 2765 723 2848 osto
742 2784 847 2832 manu.
871 2761 1103 2858 Recognovi.
1140 2771 1319 2843 Adeodarur

253 2865 421 2961 Episcopus
443 2866 544 2933 dixit:
572 2860 660 2935 Non
677 2861 767 2936 novi
787 2862 920 2935 locum.
950 2864 1079 2935 Erotio
1101 2890 1210 2947 manu.
1263 2870 1320 2949 Ut
1363 2874 1367 2887 '

251 2964 366 3055 supra.
419 2964 628 3037 Murredium
646 2965 702 3031 uir
718 2962 902 3053 ciarilssmus
919 2953 1081 3033 Tribunus
1095 2968 1137 3053 ες*
1153 2972 1321 3041 Notarius

253 3069 358 3137 dixit:
385 3063 571 3162 Quoniam
591 3061 788 3155 probabilis
808 3058 859 3133 est
878 3060 1005 3135 vestrae
1027 3062 1216 3141 sanstitaus
1235 3090 1322 3162 pro.

254 3163 416 3253 secutio,
444 3183 512 3253 qua
535 3182 614 3235 eurn
637 3162 696 3235 hic
721 3158 822 3233 fuisse
844 3159 1025 3255 &aegrum
1042 3164 1086 3237 ad
1102 3169 1249 3262 propria
1264 3168 1321 3243 se·

253 3278 433 3338 meantem
452 3260 617 3335 defecisse
631 3260 782 3351 testaris,
803 3258 923 3333 saltent
939 3261 1011 3334 hoc
1026 3263 1162 3338 docere
1179 3282 1217 3341 te
1234 3288 1324 3341 con.

254 3363 382 3449 venit,
408 3375 469 3453 ut,
490 3376 607 3439 utrum
630 3364 667 3434 in
685 3361 858 3439 haourbe
873 3360 1007 3453 suerit,
1034 3362 1183 3453 suchi
1201 3364 1324 3445 testifi-

256 3463 405 3535 catione
424 3460 593 3558 designes.
647 3464 905 3535 Fortunarum
927 3462 1090 3557 Episcopus
1112 3466 1249 3558 Ecclefiae
1262 3464 1324 3538 Ca-

257 3563 383 3637 rsaoiicae
398 3562 503 3633 dixit:
528 3560 564 3633 Si
581 3561 741 3653 precipit
755 3558 947 3633 sublimitas
963 3573 1043 3649 tua,
1070 3560 1233 3635 Petiliani
1252 3564 1323 3641 viri

258 3659 445 3759 gravumr
462 3658 667 3753 prosecutio
684 3662 877 3751 recitetur,
900 3672 941 3731 ut
956 3680 1001 3732 ex
1017 3658 1174 3733 lectione
1188 3682 1327 3759 cogno·

259 3762 358 3835 scant
379 3759 558 3850 universi,
592 3759 697 3848 quern
725 3778 800 3831 non
827 3779 913 3831 vere
937 3778 1035 3831 nunc
1055 3759 1216 3854 dicatur,
1242 3783 1326 3842 euna

259 3864 491 3952 repedantem
510 3859 554 3930 de
572 3854 786 3951 Carthagine
812 3857 847 3929 in
872 3858 1001 3929 itinere
1022 3856 1208 3943 defecisse,
1243 3863 1327 3954 quia
1360 3889 1364 3897 ·

261 3960 364 4039 aliter
375 3982 453 4039 eum
469 3960 544 4050 ejus
558 3950 765 4049 prosecutio
780 3954 1048 4031 demonstravit.
1078 3960 1202 4033 Erotio
1215 3983 1328 4044 manu.

261 4057 491 4162 Recoguovi.
525 4052 1011 4241 mrcaettnusvtsscfurrffluu
1029 4052 1335 4234 Tribunicio-Nn

867 4176 886 4258 5
1044 4236 1046 4240 ,
1207 4178 1373 4267 uum¹
