<?xml version="1.0" encoding="UTF-8"?>
<!DOCTYPE html PUBLIC "-//W3C//DTD XHTML 1.0 Transitional//EN"
    "http://www.w3.org/TR/xhtml1/DTD/xhtml1-transitional.dtd">
<html xmlns="http://www.w3.org/1999/xhtml" xml:lang="en" lang="en">
 <head>
  <title>
</title>
<meta http-equiv="Content-Type" content="text/html;charset=utf-8" />
  <meta name='ocr-system' content='tesseract 3.04.00' />
  <meta name='ocr-capabilities' content='ocr_page ocr_carea ocr_par ocr_line ocrx_word'/>
</head>
<body>
  <div class='ocr_page' id='page_1' title='image "./operaomniasanct06librgoog_0145.png"; bbox 0 0 3200 4784; ppageno 0'>
   <div class='ocr_carea' id='block_1_1' title="bbox 597 394 1334 503">
    <p class='ocr_par' dir='ltr' id='par_1_1' title="bbox 597 394 1334 503">
     <span class='ocr_line' id='line_1_1' title="bbox 597 394 1334 503; baseline -0.004 -32"><span class='ocrx_word' id='word_1_1' title='bbox 597 394 748 472; x_wconf 77' lang='lat' dir='ltr'>Ltuta&#39;</span> <span class='ocrx_word' id='word_1_2' title='bbox 778 409 1000 488; x_wconf 69' lang='lat' dir='ltr'>putamur.</span> <span class='ocrx_word' id='word_1_3' title='bbox 1286 407 1334 503; x_wconf 67' lang='lat'>39</span> 
     </span>
    </p>
   </div>
   <div class='ocr_carea' id='block_1_2' title="bbox 264 553 1422 4339">
    <p class='ocr_par' dir='ltr' id='par_1_2' title="bbox 264 553 1422 4339">
     <span class='ocr_line' id='line_1_2' title="bbox 265 553 1338 650; baseline -0.001 -12"><span class='ocrx_word' id='word_1_4' title='bbox 265 561 366 638; x_wconf 71' lang='lat' dir='ltr'>diui.-</span> <span class='ocrx_word' id='word_1_5' title='bbox 396 559 482 635; x_wconf 81' lang='lat' dir='ltr'>ideb</span> <span class='ocrx_word' id='word_1_6' title='bbox 500 556 611 650; x_wconf 80' lang='lat' dir='ltr'>dixit,</span> <span class='ocrx_word' id='word_1_7' title='bbox 636 563 706 628; x_wconf 76' lang='lat' dir='ltr'>vim</span> <span class='ocrx_word' id='word_1_8' title='bbox 720 555 874 650; x_wconf 74' lang='lat' dir='ltr'>faciunt,</span> <span class='ocrx_word' id='word_1_9' title='bbox 900 555 981 646; x_wconf 84' lang='lat' dir='ltr'>quia</span> <span class='ocrx_word' id='word_1_10' title='bbox 999 553 1114 630; x_wconf 75' lang='lat' dir='ltr'>adhue</span> <span class='ocrx_word' id='word_1_11' title='bbox 1126 557 1338 650; x_wconf 74' lang='lat' dir='ltr'>baptizabat</span> 
     </span>
     <span class='ocr_line' id='line_1_3' title="bbox 264 657 1422 760; baseline 0.002 -24"><span class='ocrx_word' id='word_1_12' title='bbox 264 663 438 760; x_wconf 81' lang='lat' dir='ltr'>Joannes.</span> <span class='ocrx_word' id='word_1_13' title='bbox 488 659 682 749; x_wconf 83' lang='lat' dir='ltr'>Denique,</span> <span class='ocrx_word' id='word_1_14' title='bbox 712 657 795 746; x_wconf 89' lang='lat' dir='ltr'>quia</span> <span class='ocrx_word' id='word_1_15' title='bbox 812 657 962 729; x_wconf 88' lang='lat' dir='ltr'>aiterum</span> <span class='ocrx_word' id='word_1_16' title='bbox 984 667 1124 748; x_wconf 79' lang='lat' dir='ltr'>tempus</span> <span class='ocrx_word' id='word_1_17' title='bbox 1145 676 1223 734; x_wconf 86' lang='lat' dir='ltr'>erat</span> <span class='ocrx_word' id='word_1_18' title='bbox 1248 679 1335 742; x_wconf 76' lang='lat' dir='ltr'>ante</span> <span class='ocrx_word' id='word_1_19' title='bbox 1380 693 1384 702; x_wconf 83' lang='lat'><strong>·</strong></span> <span class='ocrx_word' id='word_1_20' title='bbox 1420 707 1422 714; x_wconf 82' lang='grc'><strong><em>·</em></strong></span> 
     </span>
     <span class='ocr_line' id='line_1_4' title="bbox 264 755 1336 859; baseline -0.003 -24"><span class='ocrx_word' id='word_1_21' title='bbox 264 774 468 858; x_wconf 79' lang='lat' dir='ltr'>praecepta,</span> <span class='ocrx_word' id='word_1_22' title='bbox 495 762 644 832; x_wconf 87' lang='lat' dir='ltr'>aiterum</span> <span class='ocrx_word' id='word_1_23' title='bbox 660 755 740 850; x_wconf 88' lang='lat' dir='ltr'>post</span> <span class='ocrx_word' id='word_1_24' title='bbox 757 769 952 848; x_wconf 87' lang='lat' dir='ltr'>pracepta:</span> <span class='ocrx_word' id='word_1_25' title='bbox 980 758 1039 846; x_wconf 94' lang='lat' dir='ltr'>qui</span> <span class='ocrx_word' id='word_1_26' title='bbox 1057 756 1136 849; x_wconf 87' lang='lat' dir='ltr'>post</span> <span class='ocrx_word' id='word_1_27' title='bbox 1152 780 1336 859; x_wconf 69' lang='lat' dir='ltr'>praecepta</span> 
     </span>
     <span class='ocr_line' id='line_1_5' title="bbox 264 855 1336 962; baseline 0.005 -28"><span class='ocrx_word' id='word_1_28' title='bbox 264 863 470 934; x_wconf 83' lang='lat' dir='ltr'>innomine</span> <span class='ocrx_word' id='word_1_29' title='bbox 494 857 679 932; x_wconf 88' lang='lat' dir='ltr'>salvatoris</span> <span class='ocrx_word' id='word_1_30' title='bbox 698 855 869 938; x_wconf 75' lang='lat' dir='ltr'>baptizati</span> <span class='ocrx_word' id='word_1_31' title='bbox 889 855 989 935; x_wconf 88' lang='lat' dir='ltr'>sunt,</span> <span class='ocrx_word' id='word_1_32' title='bbox 1016 855 1053 926; x_wconf 91' lang='lat' dir='ltr'>in</span> <span class='ocrx_word' id='word_1_33' title='bbox 1077 875 1224 952; x_wconf 81' lang='lat' dir='ltr'>regnum</span> <span class='ocrx_word' id='word_1_34' title='bbox 1248 867 1336 962; x_wconf 71' lang='lat' dir='ltr'>legi.</span> 
     </span>
     <span class='ocr_line' id='line_1_6' title="bbox 265 953 1333 1056; baseline 0.005 -22"><span class='ocrx_word' id='word_1_35' title='bbox 265 963 338 1036; x_wconf 83' lang='lat' dir='ltr'>bus</span> <span class='ocrx_word' id='word_1_36' title='bbox 361 963 604 1032; x_wconf 81' lang='lat' dir='ltr'>intraveruntr</span> <span class='ocrx_word' id='word_1_37' title='bbox 640 957 804 1046; x_wconf 86' lang='lat' dir='ltr'>quiante</span> <span class='ocrx_word' id='word_1_38' title='bbox 828 969 1031 1048; x_wconf 85' lang='lat' dir='ltr'>praecepta,</span> <span class='ocrx_word' id='word_1_39' title='bbox 1062 953 1135 1030; x_wconf 84' lang='lat' dir='ltr'>sine</span> <span class='ocrx_word' id='word_1_40' title='bbox 1158 962 1237 1056; x_wconf 84' lang='lat' dir='ltr'>iege</span> <span class='ocrx_word' id='word_1_41' title='bbox 1255 969 1333 1040; x_wconf 91' lang='lat' dir='ltr'>vim</span> 
     </span>
     <span class='ocr_line' id='line_1_7' title="bbox 265 1051 1385 1158; baseline 0.001 -24"><span class='ocrx_word' id='word_1_42' title='bbox 265 1060 454 1152; x_wconf 79' lang='lat' dir='ltr'>fecerunt,</span> <span class='ocrx_word' id='word_1_43' title='bbox 472 1055 532 1130; x_wconf 90' lang='lat' dir='ltr'>sed</span> <span class='ocrx_word' id='word_1_44' title='bbox 548 1053 770 1130; x_wconf 81' lang='lat' dir='ltr'>exciusr&#39;non</span> <span class='ocrx_word' id='word_1_45' title='bbox 786 1053 876 1127; x_wconf 88' lang='lat' dir='ltr'>sunt.</span> <span class='ocrx_word' id='word_1_46' title='bbox 929 1051 1027 1149; x_wconf 85' lang='lat' dir='ltr'>Ergo</span> <span class='ocrx_word' id='word_1_47' title='bbox 1042 1070 1127 1128; x_wconf 89' lang='lat' dir='ltr'>ante</span> <span class='ocrx_word' id='word_1_48' title='bbox 1137 1077 1337 1158; x_wconf 85' lang='lat' dir='ltr'>praecepta,·.</span> <span class='ocrx_word' id='word_1_49' title='bbox 1376 1085 1385 1100; x_wconf 90' lang='lat'><strong>·</strong></span> 
     </span>
     <span class='ocr_line' id='line_1_8' title="bbox 266 1152 1332 1254; baseline -0.007 -21"><span class='ocrx_word' id='word_1_50' title='bbox 266 1157 440 1251; x_wconf 87' lang='lat' dir='ltr'>baptisma</span> <span class='ocrx_word' id='word_1_51' title='bbox 458 1158 629 1254; x_wconf 81' lang='lat' dir='ltr'>Joanuia,</span> <span class='ocrx_word' id='word_1_52' title='bbox 658 1175 738 1226; x_wconf 90' lang='lat' dir='ltr'>cum</span> <span class='ocrx_word' id='word_1_53' title='bbox 762 1152 849 1225; x_wconf 88' lang='lat' dir='ltr'>esser</span> <span class='ocrx_word' id='word_1_54' title='bbox 872 1152 1142 1247; x_wconf 73' lang='lat' dir='ltr'>imperfectum,</span> <span class='ocrx_word' id='word_1_55' title='bbox 1170 1179 1332 1252; x_wconf 83' lang='lat' dir='ltr'>proper.</span> 
     </span>
     <span class='ocr_line' id='line_1_9' title="bbox 266 1252 1334 1352; baseline 0.001 -19"><span class='ocrx_word' id='word_1_56' title='bbox 266 1257 366 1333; x_wconf 71' lang='lat' dir='ltr'>fedo</span> <span class='ocrx_word' id='word_1_57' title='bbox 384 1255 582 1352; x_wconf 86' lang='lat' dir='ltr'>judicatum</span> <span class='ocrx_word' id='word_1_58' title='bbox 608 1252 660 1328; x_wconf 90' lang='lat' dir='ltr'>est</span> <span class='ocrx_word' id='word_1_59' title='bbox 685 1255 729 1325; x_wconf 93' lang='lat' dir='ltr'>ab</span> <span class='ocrx_word' id='word_1_60' title='bbox 751 1273 828 1340; x_wconf 86' lang='lat' dir='ltr'>eo,</span> <span class='ocrx_word' id='word_1_61' title='bbox 867 1254 924 1324; x_wconf 91' lang='lat' dir='ltr'>cui</span> <span class='ocrx_word' id='word_1_62' title='bbox 947 1273 1055 1327; x_wconf 84' lang='lat' dir='ltr'>nemo</span> <span class='ocrx_word' id='word_1_63' title='bbox 1082 1255 1225 1344; x_wconf 87' lang='lat' dir='ltr'>judicat.</span> <span class='ocrx_word' id='word_1_64' title='bbox 1287 1260 1334 1336; x_wconf 79' lang='lat' dir='ltr'>tt</span> 
     </span>
     <span class='ocr_line' id='line_1_10' title="bbox 267 1349 1336 1452; baseline -0.006 -20"><span class='ocrx_word' id='word_1_65' title='bbox 267 1358 363 1452; x_wconf 82' lang='lat' dir='ltr'>quasi</span> <span class='ocrx_word' id='word_1_66' title='bbox 384 1361 485 1430; x_wconf 85' lang='lat' dir='ltr'>iimea</span> <span class='ocrx_word' id='word_1_67' title='bbox 503 1355 642 1449; x_wconf 90' lang='lat' dir='ltr'>quidam</span> <span class='ocrx_word' id='word_1_68' title='bbox 662 1349 755 1424; x_wconf 78' lang='lat' dir='ltr'>fixus</span> <span class='ocrx_word' id='word_1_69' title='bbox 771 1349 858 1425; x_wconf 87' lang='lat' dir='ltr'>esset</span> <span class='ocrx_word' id='word_1_70' title='bbox 874 1352 1032 1443; x_wconf 86' lang='lat' dir='ltr'>jussionis</span> <span class='ocrx_word' id='word_1_71' title='bbox 1051 1355 1145 1427; x_wconf 91' lang='lat' dir='ltr'>inter</span> <span class='ocrx_word' id='word_1_72' title='bbox 1166 1371 1336 1449; x_wconf 75' lang='lat' dir='ltr'>tempora-</span> 
     </span>
     <span class='ocr_line' id='line_1_11' title="bbox 269 1449 1334 1547; baseline -0.003 -15"><span class='ocrx_word' id='word_1_73' title='bbox 269 1455 570 1532; x_wconf 82' lang='lat' dir='ltr'>antecedentia&amp;</span> <span class='ocrx_word' id='word_1_74' title='bbox 592 1451 791 1543; x_wconf 76' lang='lat' dir='ltr'><strong>sequentia:</strong></span> <span class='ocrx_word' id='word_1_75' title='bbox 818 1471 898 1522; x_wconf 88' lang='lat' dir='ltr'>cum</span> <span class='ocrx_word' id='word_1_76' title='bbox 917 1451 1010 1543; x_wconf 92' lang='lat' dir='ltr'>apud</span> <span class='ocrx_word' id='word_1_77' title='bbox 1028 1449 1202 1543; x_wconf 81' lang='lat' dir='ltr'>Ephesum</span> <span class='ocrx_word' id='word_1_78' title='bbox 1220 1459 1334 1547; x_wconf 87' lang='lat' dir='ltr'>bapti·</span> 
     </span>
     <span class='ocr_line' id='line_1_12' title="bbox 267 1549 1339 1651; baseline -0.002 -19"><span class='ocrx_word' id='word_1_79' title='bbox 267 1571 438 1632; x_wconf 85' lang='lat' dir='ltr'>zarentur</span> <span class='ocrx_word' id='word_1_80' title='bbox 457 1556 561 1647; x_wconf 79' lang='lat' dir='ltr'><strong>aliqui</strong></span> <span class='ocrx_word' id='word_1_81' title='bbox 587 1556 623 1624; x_wconf 90' lang='lat' dir='ltr'>in</span> <span class='ocrx_word' id='word_1_82' title='bbox 649 1549 855 1644; x_wconf 72' lang='lat' dir='ltr'>numismate</span> <span class='ocrx_word' id='word_1_83' title='bbox 872 1550 1020 1645; x_wconf 82' lang='lat' dir='ltr'>Juannia</span> <span class='ocrx_word' id='word_1_84' title='bbox 1038 1551 1119 1644; x_wconf 88' lang='lat' dir='ltr'>post</span> <span class='ocrx_word' id='word_1_85' title='bbox 1136 1572 1339 1651; x_wconf 81' lang='lat' dir='ltr'>praecepta,</span> 
     </span>
     <span class='ocr_line' id='line_1_13' title="bbox 266 1651 1333 1748; baseline -0.001 -17"><span class='ocrx_word' id='word_1_86' title='bbox 266 1656 338 1731; x_wconf 87' lang='lat' dir='ltr'>hus</span> <span class='ocrx_word' id='word_1_87' title='bbox 357 1658 486 1728; x_wconf 87' lang='lat' dir='ltr'>videns</span> <span class='ocrx_word' id='word_1_88' title='bbox 504 1652 713 1727; x_wconf 76' lang='lat' dir='ltr'>beatissimus</span> <span class='ocrx_word' id='word_1_89' title='bbox 730 1651 858 1724; x_wconf 77' lang='lat' dir='ltr'>Paulus</span> <span class='ocrx_word' id='word_1_90' title='bbox 877 1654 1136 1748; x_wconf 85' lang='lat' dir='ltr'>interrogavit,</span> <span class='ocrx_word' id='word_1_91' title='bbox 1164 1677 1207 1728; x_wconf 93' lang='lat' dir='ltr'>an</span> <span class='ocrx_word' id='word_1_92' title='bbox 1229 1677 1333 1730; x_wconf 89' lang='lat' dir='ltr'>acce-</span> 
     </span>
     <span class='ocr_line' id='line_1_14' title="bbox 267 1749 1332 1852; baseline 0.002 -25"><span class='ocrx_word' id='word_1_93' title='bbox 267 1754 401 1849; x_wconf 85' lang='lat' dir='ltr'>pissent</span> <span class='ocrx_word' id='word_1_94' title='bbox 423 1755 592 1846; x_wconf 76' lang='lat' dir='ltr'>Spiritum</span> <span class='ocrx_word' id='word_1_95' title='bbox 617 1749 805 1823; x_wconf 69' lang='lat' dir='ltr'>sancium?</span> <span class='ocrx_word' id='word_1_96' title='bbox 840 1751 1020 1823; x_wconf 85' lang='lat' dir='ltr'>Dixerunt</span> <span class='ocrx_word' id='word_1_97' title='bbox 1047 1751 1081 1824; x_wconf 87' lang='lat' dir='ltr'>se</span> <span class='ocrx_word' id='word_1_98' title='bbox 1103 1755 1153 1825; x_wconf 89' lang='lat' dir='ltr'>iiii</span> <span class='ocrx_word' id='word_1_99' title='bbox 1180 1757 1332 1852; x_wconf 88' lang='lat' dir='ltr'>nescire,</span> 
     </span>
     <span class='ocr_line' id='line_1_15' title="bbox 269 1849 1335 1951; baseline 0.005 -26"><span class='ocrx_word' id='word_1_100' title='bbox 269 1875 318 1925; x_wconf 88' lang='lat' dir='ltr'>an</span> <span class='ocrx_word' id='word_1_101' title='bbox 340 1852 425 1923; x_wconf 84' lang='lat' dir='ltr'>esset</span> <span class='ocrx_word' id='word_1_102' title='bbox 439 1853 588 1943; x_wconf 84' lang='lat' dir='ltr'>Spiritus</span> <span class='ocrx_word' id='word_1_103' title='bbox 601 1849 768 1923; x_wconf 73' lang='lat' dir='ltr'>Sandiua:</span> <span class='ocrx_word' id='word_1_104' title='bbox 801 1849 945 1922; x_wconf 84' lang='lat' dir='ltr'>&amp;dixit</span> <span class='ocrx_word' id='word_1_105' title='bbox 968 1852 1055 1937; x_wconf 86' lang='lat' dir='ltr'>iliis,</span> <span class='ocrx_word' id='word_1_106' title='bbox 1089 1868 1129 1924; x_wconf 92' lang='lat' dir='ltr'>ut</span> <span class='ocrx_word' id='word_1_107' title='bbox 1151 1854 1230 1947; x_wconf 93' lang='lat' dir='ltr'>post</span> <span class='ocrx_word' id='word_1_108' title='bbox 1251 1863 1335 1951; x_wconf 88' lang='lat' dir='ltr'>bap·</span> 
     </span>
     <span class='ocr_line' id='line_1_16' title="bbox 270 1947 1337 2048; baseline 0.009 -26"><span class='ocrx_word' id='word_1_109' title='bbox 270 1947 1115 2048; x_wconf 78' lang='lat' dir='ltr'>tismaJoannisacciperentSpiritumSaniium.</span> <span class='ocrx_word' id='word_1_110' title='bbox 1167 1953 1225 2027; x_wconf 88' lang='lat' dir='ltr'>Sic</span> <span class='ocrx_word' id='word_1_111' title='bbox 1239 1958 1337 2032; x_wconf 87' lang='lat' dir='ltr'>enim</span> 
     </span>
     <span class='ocr_line' id='line_1_17' title="bbox 269 2047 1385 2148; baseline 0.007 -25"><span class='ocrx_word' id='word_1_112' title='bbox 269 2052 444 2141; x_wconf 82' lang='lat' dir='ltr'>baptizati</span> <span class='ocrx_word' id='word_1_113' title='bbox 460 2063 584 2143; x_wconf 85' lang='lat' dir='ltr'>erant,</span> <span class='ocrx_word' id='word_1_114' title='bbox 617 2047 914 2140; x_wconf 78' lang='lat' dir='ltr'>quemadmodum</span> <span class='ocrx_word' id='word_1_115' title='bbox 936 2051 1036 2124; x_wconf 86' lang='lat' dir='ltr'>multi</span> <span class='ocrx_word' id='word_1_116' title='bbox 1060 2072 1079 2124; x_wconf 91' lang='lat' dir='ltr'>a</span> <span class='ocrx_word' id='word_1_117' title='bbox 1098 2053 1239 2148; x_wconf 79' lang='lat' dir='ltr'>Jnaune</span> <span class='ocrx_word' id='word_1_118' title='bbox 1257 2055 1335 2130; x_wconf 87' lang='lat' dir='ltr'>fue-</span> <span class='ocrx_word' id='word_1_119' title='bbox 1381 2099 1385 2116; x_wconf 64' lang='grc' dir='ltr'>ι</span> 
     </span>
     <span class='ocr_line' id='line_1_18' title="bbox 270 2148 1336 2248; baseline 0.01 -28"><span class='ocrx_word' id='word_1_120' title='bbox 270 2164 353 2221; x_wconf 84' lang='lat' dir='ltr'>rant</span> <span class='ocrx_word' id='word_1_121' title='bbox 379 2149 562 2242; x_wconf 88' lang='lat' dir='ltr'>baptizati.</span> <span class='ocrx_word' id='word_1_122' title='bbox 622 2148 691 2222; x_wconf 89' lang='lat' dir='ltr'>Sed</span> <span class='ocrx_word' id='word_1_123' title='bbox 719 2150 778 2241; x_wconf 91' lang='lat' dir='ltr'>qui</span> <span class='ocrx_word' id='word_1_124' title='bbox 805 2162 887 2222; x_wconf 88' lang='lat' dir='ltr'>ante</span> <span class='ocrx_word' id='word_1_125' title='bbox 911 2151 1023 2244; x_wconf 85' lang='lat' dir='ltr'>legem</span> <span class='ocrx_word' id='word_1_126' title='bbox 1054 2152 1252 2248; x_wconf 87' lang='lat' dir='ltr'>baptizati,</span> <span class='ocrx_word' id='word_1_127' title='bbox 1290 2155 1336 2230; x_wconf 89' lang='lat' dir='ltr'>ad</span> 
     </span>
     <span class='ocr_line' id='line_1_19' title="bbox 270 2247 1335 2347; baseline 0.006 -26"><span class='ocrx_word' id='word_1_128' title='bbox 270 2247 528 2344; x_wconf 84' lang='lat' dir='ltr'>indulgentiam</span> <span class='ocrx_word' id='word_1_129' title='bbox 552 2251 823 2340; x_wconf 90' lang='lat' dir='ltr'>pertinuerunt,</span> <span class='ocrx_word' id='word_1_130' title='bbox 842 2248 923 2338; x_wconf 92' lang='lat' dir='ltr'>quia</span> <span class='ocrx_word' id='word_1_131' title='bbox 940 2250 1090 2342; x_wconf 81' lang='lat' dir='ltr'>praesens</span> <span class='ocrx_word' id='word_1_132' title='bbox 1109 2251 1248 2347; x_wconf 85' lang='lat' dir='ltr'>suerat,</span> <span class='ocrx_word' id='word_1_133' title='bbox 1273 2257 1335 2345; x_wconf 89' lang='lat' dir='ltr'>qui</span> 
     </span>
     <span class='ocr_line' id='line_1_20' title="bbox 269 2346 1336 2444; baseline 0.006 -24"><span class='ocrx_word' id='word_1_134' title='bbox 269 2349 526 2444; x_wconf 87' lang='lat' dir='ltr'>indulgentiam</span> <span class='ocrx_word' id='word_1_135' title='bbox 555 2349 674 2422; x_wconf 82' lang='lat' dir='ltr'>daret:</span> <span class='ocrx_word' id='word_1_136' title='bbox 708 2346 743 2422; x_wconf 83' lang='lat' dir='ltr'>dr</span> <span class='ocrx_word' id='word_1_137' title='bbox 767 2368 845 2420; x_wconf 86' lang='lat' dir='ltr'>non</span> <span class='ocrx_word' id='word_1_138' title='bbox 870 2363 971 2422; x_wconf 88' lang='lat' dir='ltr'>erant</span> <span class='ocrx_word' id='word_1_139' title='bbox 996 2370 1040 2422; x_wconf 87' lang='lat' dir='ltr'>ex</span> <span class='ocrx_word' id='word_1_140' title='bbox 1065 2365 1150 2425; x_wconf 92' lang='lat' dir='ltr'>toto</span> <span class='ocrx_word' id='word_1_141' title='bbox 1170 2356 1241 2444; x_wconf 88' lang='lat' dir='ltr'>rei,</span> <span class='ocrx_word' id='word_1_142' title='bbox 1274 2354 1336 2444; x_wconf 88' lang='lat' dir='ltr'>qui</span> 
     </span>
     <span class='ocr_line' id='line_1_21' title="bbox 272 2447 1364 2544; baseline 0.005 -23"><span class='ocrx_word' id='word_1_143' title='bbox 272 2449 411 2542; x_wconf 83' lang='lat' dir='ltr'>iegibus</span> <span class='ocrx_word' id='word_1_144' title='bbox 438 2468 515 2520; x_wconf 89' lang='lat' dir='ltr'>non</span> <span class='ocrx_word' id='word_1_145' title='bbox 535 2447 678 2520; x_wconf 83' lang='lat' dir='ltr'>fuerant</span> <span class='ocrx_word' id='word_1_146' title='bbox 704 2449 884 2539; x_wconf 87' lang='lat' dir='ltr'>occupati.</span> <span class='ocrx_word' id='word_1_147' title='bbox 935 2447 982 2520; x_wconf 89' lang='lat' dir='ltr'>Hi</span> <span class='ocrx_word' id='word_1_148' title='bbox 1006 2470 1124 2540; x_wconf 87' lang='lat' dir='ltr'>vero,</span> <span class='ocrx_word' id='word_1_149' title='bbox 1159 2452 1219 2539; x_wconf 84' lang='lat' dir='ltr'>qui</span> <span class='ocrx_word' id='word_1_150' title='bbox 1240 2453 1336 2544; x_wconf 89' lang='lat' dir='ltr'>apud</span> <span class='ocrx_word' id='word_1_151' title='bbox 1362 2485 1364 2490; x_wconf 96' lang='lat'>·</span> 
     </span>
     <span class='ocr_line' id='line_1_22' title="bbox 269 2545 1338 2643; baseline 0.002 -22"><span class='ocrx_word' id='word_1_152' title='bbox 269 2546 451 2639; x_wconf 82' lang='lat' dir='ltr'>Ephesum</span> <span class='ocrx_word' id='word_1_153' title='bbox 485 2545 567 2640; x_wconf 85' lang='lat' dir='ltr'>post</span> <span class='ocrx_word' id='word_1_154' title='bbox 597 2550 741 2642; x_wconf 85' lang='lat' dir='ltr'>legem,</span> <span class='ocrx_word' id='word_1_155' title='bbox 785 2546 933 2638; x_wconf 84' lang='lat' dir='ltr'>Joannia</span> <span class='ocrx_word' id='word_1_156' title='bbox 973 2546 1180 2639; x_wconf 89' lang='lat' dir='ltr'>baptismate</span> <span class='ocrx_word' id='word_1_157' title='bbox 1220 2551 1338 2643; x_wconf 79' lang='lat' dir='ltr'>bapti·</span> 
     </span>
     <span class='ocr_line' id='line_1_23' title="bbox 271 2643 1336 2741; baseline 0 -21"><span class='ocrx_word' id='word_1_158' title='bbox 271 2650 343 2720; x_wconf 88' lang='lat' dir='ltr'>zati</span> <span class='ocrx_word' id='word_1_159' title='bbox 366 2643 470 2720; x_wconf 81' lang='lat' dir='ltr'>fuisse</span> <span class='ocrx_word' id='word_1_160' title='bbox 498 2648 691 2741; x_wconf 85' lang='lat' dir='ltr'>leguntur,</span> <span class='ocrx_word' id='word_1_161' title='bbox 735 2644 816 2737; x_wconf 89' lang='lat' dir='ltr'>post</span> <span class='ocrx_word' id='word_1_162' title='bbox 839 2647 936 2737; x_wconf 77' lang='lat' dir='ltr'>leges</span> <span class='ocrx_word' id='word_1_163' title='bbox 960 2647 997 2716; x_wconf 88' lang='lat' dir='ltr'>in</span> <span class='ocrx_word' id='word_1_164' title='bbox 1021 2645 1256 2720; x_wconf 81' lang='lat' dir='ltr'>Sacramenta</span> <span class='ocrx_word' id='word_1_165' title='bbox 1281 2669 1336 2722; x_wconf 88' lang='lat' dir='ltr'>er·</span> 
     </span>
     <span class='ocr_line' id='line_1_24' title="bbox 270 2740 1337 2840; baseline 0.002 -22"><span class='ocrx_word' id='word_1_166' title='bbox 270 2758 459 2818; x_wconf 74' lang='lat' dir='ltr'>reverante</span> <span class='ocrx_word' id='word_1_167' title='bbox 485 2748 567 2834; x_wconf 91' lang='lat' dir='ltr'>quia</span> <span class='ocrx_word' id='word_1_168' title='bbox 585 2748 655 2835; x_wconf 75' lang='lat' dir='ltr'>iam</span> <span class='ocrx_word' id='word_1_169' title='bbox 676 2742 917 2815; x_wconf 77' lang='lat' dir='ltr'>introdudium</span> <span class='ocrx_word' id='word_1_170' title='bbox 937 2740 1053 2816; x_wconf 87' lang='lat' dir='ltr'>fuerat</span> <span class='ocrx_word' id='word_1_171' title='bbox 1074 2745 1242 2840; x_wconf 89' lang='lat' dir='ltr'>baptisma</span> <span class='ocrx_word' id='word_1_172' title='bbox 1259 2746 1337 2838; x_wconf 81' lang='lat' dir='ltr'>Do·</span> 
     </span>
     <span class='ocr_line' id='line_1_25' title="bbox 272 2838 1336 2939; baseline 0.003 -19"><span class='ocrx_word' id='word_1_173' title='bbox 272 2846 382 2936; x_wconf 86' lang='lat' dir='ltr'>mini,</span> <span class='ocrx_word' id='word_1_174' title='bbox 409 2843 444 2915; x_wconf 79' lang='lat' dir='ltr'>dr</span> <span class='ocrx_word' id='word_1_175' title='bbox 465 2842 645 2916; x_wconf 86' lang='lat' dir='ltr'>exclusum</span> <span class='ocrx_word' id='word_1_176' title='bbox 665 2842 782 2914; x_wconf 90' lang='lat' dir='ltr'>suerat</span> <span class='ocrx_word' id='word_1_177' title='bbox 804 2840 908 2914; x_wconf 88' lang='lat' dir='ltr'>servi.</span> <span class='ocrx_word' id='word_1_178' title='bbox 962 2838 1010 2915; x_wconf 85' lang='lat' dir='ltr'>Et</span> <span class='ocrx_word' id='word_1_179' title='bbox 1023 2844 1130 2936; x_wconf 88' lang='lat' dir='ltr'>ideo,</span> <span class='ocrx_word' id='word_1_180' title='bbox 1157 2847 1238 2937; x_wconf 90' lang='lat' dir='ltr'>quia</span> <span class='ocrx_word' id='word_1_181' title='bbox 1254 2847 1336 2939; x_wconf 87' lang='lat' dir='ltr'>pust</span> 
     </span>
     <span class='ocr_line' id='line_1_26' title="bbox 272 2941 1336 3043; baseline 0.002 -23"><span class='ocrx_word' id='word_1_182' title='bbox 272 2945 440 3020; x_wconf 89' lang='lat' dir='ltr'>mandata</span> <span class='ocrx_word' id='word_1_183' title='bbox 460 2942 613 3032; x_wconf 83' lang='lat' dir='ltr'>divina,</span> <span class='ocrx_word' id='word_1_184' title='bbox 646 2942 787 3038; x_wconf 82' lang='lat' dir='ltr'>iegibua</span> <span class='ocrx_word' id='word_1_185' title='bbox 809 2941 1009 3016; x_wconf 86' lang='lat' dir='ltr'>debuerant</span> <span class='ocrx_word' id='word_1_186' title='bbox 1032 2945 1084 3016; x_wconf 86' lang='lat' dir='ltr'>ire</span> <span class='ocrx_word' id='word_1_187' title='bbox 1110 2945 1147 3018; x_wconf 90' lang='lat' dir='ltr'>in</span> <span class='ocrx_word' id='word_1_188' title='bbox 1171 2967 1336 3043; x_wconf 77' lang='lat' dir='ltr'>regnum,</span> 
     </span>
     <span class='ocr_line' id='line_1_27' title="bbox 272 3038 1337 3139; baseline 0.005 -22"><span class='ocrx_word' id='word_1_189' title='bbox 272 3065 351 3118; x_wconf 87' lang='lat' dir='ltr'>non</span> <span class='ocrx_word' id='word_1_190' title='bbox 383 3062 448 3134; x_wconf 89' lang='lat' dir='ltr'>per</span> <span class='ocrx_word' id='word_1_191' title='bbox 476 3042 687 3114; x_wconf 87' lang='lat' dir='ltr'>violentiam</span> <span class='ocrx_word' id='word_1_192' title='bbox 710 3038 812 3136; x_wconf 84' lang='lat' dir='ltr'>&lt;jam</span> <span class='ocrx_word' id='word_1_193' title='bbox 828 3043 922 3116; x_wconf 90' lang='lat' dir='ltr'>enim</span> <span class='ocrx_word' id='word_1_194' title='bbox 947 3043 1134 3118; x_wconf 86' lang='lat' dir='ltr'>terminum</span> <span class='ocrx_word' id='word_1_195' title='bbox 1163 3049 1337 3139; x_wconf 71' lang='lat' dir='ltr'>temporis</span> 
     </span>
     <span class='ocr_line' id='line_1_28' title="bbox 273 3139 1338 3242; baseline 0.003 -29"><span class='ocrx_word' id='word_1_196' title='bbox 273 3139 405 3216; x_wconf 83' lang='lat' dir='ltr'>fixerat</span> <span class='ocrx_word' id='word_1_197' title='bbox 416 3141 595 3232; x_wconf 75' lang='lat' dir='ltr'>ChristuS,</span> <span class='ocrx_word' id='word_1_198' title='bbox 608 3139 782 3215; x_wconf 78' lang='lat' dir='ltr'>dicendo:</span> <span class='ocrx_word' id='word_1_199' title='bbox 807 3147 839 3212; x_wconf 85' lang='lat' dir='ltr'><em>A</em></span> <span class='ocrx_word' id='word_1_200' title='bbox 850 3141 951 3211; x_wconf 81' lang='lat' dir='ltr'>diebus</span> <span class='ocrx_word' id='word_1_201' title='bbox 966 3145 1110 3239; x_wconf 82' lang='lat' dir='ltr'>Jranm&#39;s</span> <span class='ocrx_word' id='word_1_202' title='bbox 1121 3171 1218 3242; x_wconf 76' lang='lat' dir='ltr'>usquo</span> <span class='ocrx_word' id='word_1_203' title='bbox 1230 3153 1266 3217; x_wconf 84' lang='lat' dir='ltr'>r&#39;rt</span> <span class='ocrx_word' id='word_1_204' title='bbox 1281 3149 1338 3216; x_wconf 76' lang='lat' dir='ltr'>ho·</span> 
     </span>
     <span class='ocr_line' id='line_1_29' title="bbox 275 3240 1354 3335; baseline 0.006 -22"><span class='ocrx_word' id='word_1_205' title='bbox 275 3243 455 3331; x_wconf 67' lang='lat' dir='ltr'>diurnum).</span> <span class='ocrx_word' id='word_1_206' title='bbox 490 3240 573 3314; x_wconf 90' lang='lat' dir='ltr'>Post</span> <span class='ocrx_word' id='word_1_207' title='bbox 591 3243 805 3316; x_wconf 90' lang='lat' dir='ltr'>hodiernum</span> <span class='ocrx_word' id='word_1_208' title='bbox 823 3241 894 3331; x_wconf 85' lang='lat' dir='ltr'>jam</span> <span class='ocrx_word' id='word_1_209' title='bbox 909 3243 1131 3316; x_wconf 70' lang='lat' dir='ltr'>nondicebat</span> <span class='ocrx_word' id='word_1_210' title='bbox 1150 3246 1248 3335; x_wconf 88' lang='lat' dir='ltr'>quud</span> <span class='ocrx_word' id='word_1_211' title='bbox 1261 3246 1354 3320; x_wconf 69' lang='lat' dir='ltr'>heti¹</span> 
     </span>
     <span class='ocr_line' id='line_1_30' title="bbox 274 3341 1338 3437; baseline 0.003 -24"><span class='ocrx_word' id='word_1_212' title='bbox 274 3343 440 3414; x_wconf 82' lang='lat' dir='ltr'>licuerat.</span> <span class='ocrx_word' id='word_1_213' title='bbox 492 3341 614 3433; x_wconf 83' lang='lat' dir='ltr'>Quare</span> <span class='ocrx_word' id='word_1_214' title='bbox 627 3342 744 3414; x_wconf 88' lang='lat' dir='ltr'>nolite</span> <span class='ocrx_word' id='word_1_215' title='bbox 759 3341 868 3414; x_wconf 90' lang='lat' dir='ltr'>vobis</span> <span class='ocrx_word' id='word_1_216' title='bbox 890 3341 1039 3414; x_wconf 76' lang='lat' dir='ltr'>blandiri</span> <span class='ocrx_word' id='word_1_217' title='bbox 1059 3344 1103 3415; x_wconf 88' lang='lat' dir='ltr'>de</span> <span class='ocrx_word' id='word_1_218' title='bbox 1122 3343 1217 3417; x_wconf 74' lang='lat' dir='ltr'>ditio</span> <span class='ocrx_word' id='word_1_219' title='bbox 1236 3346 1338 3437; x_wconf 88' lang='lat' dir='ltr'>Apu·</span> 
     </span>
     <span class='ocr_line' id='line_1_31' title="bbox 276 3435 1404 3532; baseline 0.004 -17"><span class='ocrx_word' id='word_1_220' title='bbox 276 3440 359 3515; x_wconf 88' lang='lat' dir='ltr'>stoli</span> <span class='ocrx_word' id='word_1_221' title='bbox 379 3435 496 3525; x_wconf 84' lang='lat' dir='ltr'>Pauli,</span> <span class='ocrx_word' id='word_1_222' title='bbox 524 3441 582 3528; x_wconf 86' lang='lat' dir='ltr'>qui</span> <span class='ocrx_word' id='word_1_223' title='bbox 605 3461 681 3514; x_wconf 90' lang='lat' dir='ltr'>non</span> <span class='ocrx_word' id='word_1_224' title='bbox 703 3437 783 3532; x_wconf 91' lang='lat' dir='ltr'>post</span> <span class='ocrx_word' id='word_1_225' title='bbox 802 3437 987 3531; x_wconf 88' lang='lat' dir='ltr'>personam</span> <span class='ocrx_word' id='word_1_226' title='bbox 1011 3446 1167 3531; x_wconf 86' lang='lat' dir='ltr'>operarii</span> <span class='ocrx_word' id='word_1_227' title='bbox 1186 3445 1339 3516; x_wconf 87' lang='lat' dir='ltr'>interro·</span> <span class='ocrx_word' id='word_1_228' title='bbox 1400 3515 1404 3520; x_wconf 91' lang='lat'>.</span> 
     </span>
     <span class='ocr_line' id='line_1_32' title="bbox 277 3533 1339 3637; baseline 0.005 -26"><span class='ocrx_word' id='word_1_229' title='bbox 277 3541 400 3637; x_wconf 81' lang='lat' dir='ltr'>gavit,</span> <span class='ocrx_word' id='word_1_230' title='bbox 428 3533 487 3610; x_wconf 84' lang='lat' dir='ltr'>sed</span> <span class='ocrx_word' id='word_1_231' title='bbox 510 3535 590 3628; x_wconf 90' lang='lat' dir='ltr'>post</span> <span class='ocrx_word' id='word_1_232' title='bbox 611 3559 705 3613; x_wconf 84' lang='lat' dir='ltr'>rem:</span> <span class='ocrx_word' id='word_1_233' title='bbox 737 3539 867 3612; x_wconf 82' lang='lat' dir='ltr'>cuites</span> <span class='ocrx_word' id='word_1_234' title='bbox 886 3539 1339 3632; x_wconf 77' lang='lat' dir='ltr'>nonpersonadispiicuiu:</span> 
     </span>
     <span class='ocr_line' id='line_1_33' title="bbox 278 3634 1341 3736; baseline 0.006 -25"><span class='ocrx_word' id='word_1_235' title='bbox 278 3641 437 3727; x_wconf 78' lang='lat' dir='ltr'>denique</span> <span class='ocrx_word' id='word_1_236' title='bbox 458 3634 628 3729; x_wconf 89' lang='lat' dir='ltr'>baptisma</span> <span class='ocrx_word' id='word_1_237' title='bbox 647 3637 836 3711; x_wconf 78' lang='lat' dir='ltr'>salvatoris</span> <span class='ocrx_word' id='word_1_238' title='bbox 852 3634 968 3730; x_wconf 87' lang='lat' dir='ltr'>juffit,</span> <span class='ocrx_word' id='word_1_239' title='bbox 995 3652 1035 3710; x_wconf 90' lang='lat' dir='ltr'>ut</span> <span class='ocrx_word' id='word_1_240' title='bbox 1058 3639 1253 3736; x_wconf 79' lang='lat' dir='ltr'>discerent,</span> <span class='ocrx_word' id='word_1_241' title='bbox 1280 3641 1341 3732; x_wconf 83' lang='lat' dir='ltr'>qui</span> 
     </span>
     <span class='ocr_line' id='line_1_34' title="bbox 279 3733 1340 3832; baseline 0.002 -20"><span class='ocrx_word' id='word_1_242' title='bbox 279 3760 356 3812; x_wconf 85' lang='lat' dir='ltr'>nou</span> <span class='ocrx_word' id='word_1_243' title='bbox 372 3751 573 3823; x_wconf 87' lang='lat' dir='ltr'>noverant,</span> <span class='ocrx_word' id='word_1_244' title='bbox 592 3737 673 3827; x_wconf 88' lang='lat' dir='ltr'>quia</span> <span class='ocrx_word' id='word_1_245' title='bbox 688 3755 765 3808; x_wconf 89' lang='lat' dir='ltr'>uon</span> <span class='ocrx_word' id='word_1_246' title='bbox 779 3735 913 3832; x_wconf 91' lang='lat' dir='ltr'>ipsum,</span> <span class='ocrx_word' id='word_1_247' title='bbox 931 3734 990 3808; x_wconf 90' lang='lat' dir='ltr'>sed</span> <span class='ocrx_word' id='word_1_248' title='bbox 1005 3739 1097 3811; x_wconf 90' lang='lat' dir='ltr'>aliud</span> <span class='ocrx_word' id='word_1_249' title='bbox 1114 3733 1340 3832; x_wconf 81' lang='lat' dir='ltr'>acceperant.</span> 
     </span>
     <span class='ocr_line' id='line_1_35' title="bbox 280 3834 1341 3932; baseline 0.004 -24"><span class='ocrx_word' id='word_1_250' title='bbox 280 3836 363 3909; x_wconf 90' lang='lat' dir='ltr'>Vos</span> <span class='ocrx_word' id='word_1_251' title='bbox 387 3856 481 3910; x_wconf 87' lang='lat' dir='ltr'>vero</span> <span class='ocrx_word' id='word_1_252' title='bbox 507 3835 590 3926; x_wconf 84' lang='lat' dir='ltr'>quid</span> <span class='ocrx_word' id='word_1_253' title='bbox 615 3834 838 3909; x_wconf 70' lang='lat' dir='ltr'>immutatis?</span> <span class='ocrx_word' id='word_1_254' title='bbox 871 3836 895 3909; x_wconf 90' lang='lat' dir='ltr'>s1</span> <span class='ocrx_word' id='word_1_255' title='bbox 920 3856 977 3910; x_wconf 88' lang='lat' dir='ltr'>res</span> <span class='ocrx_word' id='word_1_256' title='bbox 999 3836 1165 3930; x_wconf 79' lang='lat' dir='ltr'>potuistis</span> <span class='ocrx_word' id='word_1_257' title='bbox 1187 3853 1341 3932; x_wconf 88' lang='lat' dir='ltr'>mutare,</span> 
     </span>
     <span class='ocr_line' id='line_1_36' title="bbox 279 3930 1341 4031; baseline 0.006 -23"><span class='ocrx_word' id='word_1_258' title='bbox 279 3935 378 4008; x_wconf 73' lang='lat' dir='ltr'>reite</span> <span class='ocrx_word' id='word_1_259' title='bbox 410 3935 588 4011; x_wconf 78' lang='lat' dir='ltr'>feceritiaa</span> <span class='ocrx_word' id='word_1_260' title='bbox 624 3933 650 4008; x_wconf 89' lang='lat' dir='ltr'>fi</span> <span class='ocrx_word' id='word_1_261' title='bbox 682 3947 801 4006; x_wconf 86' lang='lat' dir='ltr'>tamen</span> <span class='ocrx_word' id='word_1_262' title='bbox 833 3930 878 4008; x_wconf 86' lang='lat' dir='ltr'>de</span> <span class='ocrx_word' id='word_1_263' title='bbox 903 3938 981 4031; x_wconf 79' lang='lat' dir='ltr'>iege</span> <span class='ocrx_word' id='word_1_264' title='bbox 1006 3938 1136 4029; x_wconf 85' lang='lat' dir='ltr'>aliquid</span> <span class='ocrx_word' id='word_1_265' title='bbox 1162 3937 1341 4014; x_wconf 76' lang='lat' dir='ltr'>faceretis.</span> 
     </span>
     <span class='ocr_line' id='line_1_37' title="bbox 279 4032 1343 4135; baseline 0.001 -26"><span class='ocrx_word' id='word_1_266' title='bbox 279 4034 411 4109; x_wconf 73' lang='lat' dir='ltr'>Paulus</span> <span class='ocrx_word' id='word_1_267' title='bbox 431 4035 540 4130; x_wconf 86' lang='lat' dir='ltr'>dixit,</span> <span class='ocrx_word' id='word_1_268' title='bbox 565 4042 602 4110; x_wconf 83' lang='lat' dir='ltr'>r‘rt</span> <span class='ocrx_word' id='word_1_269' title='bbox 616 4059 678 4133; x_wconf 79' lang='lat' dir='ltr'>qao</span> <span class='ocrx_word' id='word_1_270' title='bbox 693 4032 879 4128; x_wconf 78' lang='lat' dir='ltr'>baptismate</span> <span class='ocrx_word' id='word_1_271' title='bbox 890 4035 1053 4128; x_wconf 73' lang='lat' dir='ltr'>baptizari</span> <span class='ocrx_word' id='word_1_272' title='bbox 1069 4035 1161 4135; x_wconf 66' lang='lat' dir='ltr'>adiri</span> <span class='ocrx_word' id='word_1_273' title='bbox 1185 4036 1233 4110; x_wconf 86' lang='lat' dir='ltr'>Et</span> <span class='ocrx_word' id='word_1_274' title='bbox 1246 4038 1343 4114; x_wconf 81' lang='lat' dir='ltr'>dixe·</span> 
     </span>
     <span class='ocr_line' id='line_1_38' title="bbox 280 4131 1371 4324; baseline 0 -115"><span class='ocrx_word' id='word_1_275' title='bbox 280 4151 387 4224; x_wconf 85' lang='lat' dir='ltr'>runt,</span> <span class='ocrx_word' id='word_1_276' title='bbox 410 4131 584 4232; x_wconf 80' lang='lat' dir='ltr'>Joannis:</span> <span class='ocrx_word' id='word_1_277' title='bbox 612 4133 878 4324; x_wconf 55' lang='grc' dir='ltr'>ροιίιιιῦιὲὶι,</span> <span class='ocrx_word' id='word_1_278' title='bbox 900 4135 1371 4248; x_wconf 48' lang='lat' dir='ltr'>utbaptiimassiu&#39;xdxat·</span> 
     </span>
     <span class='ocr_line' id='line_1_39' title="bbox 853 4247 1346 4339; baseline -0.012 -36"><span class='ocrx_word' id='word_1_279' title='bbox 853 4261 872 4339; x_wconf 72' lang='grc' dir='ltr'><strong>ς</strong></span> <span class='ocrx_word' id='word_1_280' title='bbox 1241 4247 1346 4321; x_wconf 68' lang='lat' dir='ltr'>cxpe-</span> 
     </span>
    </p>
   </div>
   <div class='ocr_carea' id='block_1_3' title="bbox 0 0 1623 4784">
    <p class='ocr_par' dir='ltr' id='par_1_3' title="bbox 0 0 1623 4784">
     <span class='ocr_line' id='line_1_40' title="bbox 0 0 1623 4784; baseline 0 0"><span class='ocrx_word' id='word_1_281' title='bbox 0 0 1623 4784; x_wconf 95' lang='lat' dir='ltr'> </span> 
     </span>
    </p>
   </div>
  </div>
 </body>
</html>
