3200 4784
1230 439 1341 515 LXII!

260 595 449 690 vibloriae
473 590 553 686 suae
579 599 793 710 operarios
822 592 1055 696 cohibebit,
1093 619 1147 684 ne
1176 591 1339 694 saeviant

232 811 236 820 ,
262 739 327 803 tot
343 714 518 802 stimulis
536 710 780 826 provocati?
816 709 921 811 Quis
938 735 1085 825 aequus
1101 711 1256 802 arbiter
1271 715 1339 803 sal·

261 853 352 918 tem
367 828 545 915 Tillium
562 855 648 912 non
664 824 901 912 excusabit?

238 1027 248 1054 ,
353 942 396 1031 Si
413 944 500 1030 ll'aec
518 939 615 1028 fasli
635 940 833 1026 invidiam
854 943 1073 1054 minuunt3
1103 941 1205 1029 illud
1223 966 1340 1031 certo

263 1087 428 1174 magnae
451 1059 510 1143 cst
536 1061 578 1141 in
603 1055 720 1140 hoste
748 1054 1040 1158 humanitatis,
1087 1056 1339 1162 clementiae,

266 1176 312 1262 δι
338 1170 608 1287 providentia
636 1195 733 1282 erga
756 1167 890 1290 vibius
920 1169 1140 1257 indicium:
1177 1198 1223 1256 ac
1249 1171 1339 1259 Til·

265 1289 324 1375 lio
349 1292 394 1376 iu
423 1285 591 1373 laudem
616 1312 662 1369 ac
690 1284 897 1368 honorem
921 1310 1006 1369 non
1028 1284 1250 1400 vulgarem
1276 1313 1339 1372 ce·

267 1404 355 1507 dit,
394 1402 511 1515 quod
538 1397 704 1486 dimisfis
734 1424 758 1480 e
787 1396 945 1482 summa
974 1396 1085 1501 aede,
1124 1398 1341 1512 quovelut,
1392 1505 1397 1516 x

266 1542 317 1604 ut
347 1520 392 1601 in
420 1514 577 1628 asylum
608 1507 912 1628 confugerant,
951 1510 1003 1598 ad
1032 1511 1143 1597 Balrii
1171 1539 1342 1626 preces,

263 1632 454 1734 civibus,
492 1627 625 1715 inedia
649 1624 740 1712 fere
766 1623 965 1712 confertis
990 1653 1077 1713 non
1100 1631 1227 1714 vitam
1259 1651 1344 1716 tan·

260 1772 363 1833 tum
395 1748 438 1833 oz
470 1737 701 1829 libertatem
732 1738 996 1844 concesserit,
1035 1740 1101 1827 sed
1126 1746 1246 1828 etiam
1273 1742 1342 1832 ali·

268 1882 434 1960 menta,
453 1863 573 1971 queis
590 1856 871 1960 reficerentur,
889 1854 1073 1942 distribui
1089 1851 1264 1968 jusserit:
1293 1883 1343 1944 ea

271 1995 411 2058 tamen
435 1971 612 2083 provida
637 1969 814 2072 cautela,
831 2029 834 2034 -
851 1998 903 2057 ne
930 1993 1090 2056 tantum
1112 1997 1196 2057 una
1220 1969 1342 2058 simul

267 2091 360 2173 vice
384 2089 586 2197 acciperet
610 2087 811 2197 quisque,
837 2111 925 2198 quo
950 2081 1156 2173 insuetum
1183 2086 1265 2173 cibi
1284 2086 1344 2172 ob

269 2200 509 2315 longiorem
527 2198 724 2300 inediam,
742 2199 1022 2301 stomachum,
1040 2197 1120 2285 sola
1135 2195 1257 2286 samis
1274 2224 1344 2286 ur·

270 2318 406 2426 gentis
420 2311 938 2416 ratione·habita,maximo
953 2311 1207 2401 sanitae-iove}
1220 2318 1346 2400 etiam

271 2433 366 2516 vitae
385 2426 571 2537 periculo
590 2423 765 2513 famelici
783 2428 1038 2515 obruerem·
1065 2455 1069 2472 ·

358 2537 501 2627 Hasce.
516 2543 624 2625 iuter
647 2545 937 2655 cogitationes,
966 2568 1005 2628 at
1037 2567 1091 2626 ue
1107 2536 1225 2652 prisci
1243 2562 1346 2624 tenr-

271 2658 385 2767 poris
399 2658 601 2767 imagines
620 2659 663 2741 in
680 2651 953 2741 diversorium
975 2569 1346 2740 asolitanaambu·

270 2770 425 2854 latione
442 2767 532 2854 sum
548 2768 728 2876 delatus3
753 2767 872 2877 cujus
892 2767 1028 2852 adhuc
1044 2770 1088 2852 in
1106 2765 1267 2869 limine,
1287 2771 1347 2854 in·

268 2881 445 2993 juriam,
463 2880 623 2994 siquam
635 2881 762 2965 Tillio
779 2880 861 2967 hoc
877 2907 998 2966 mane
1016 2883 1256 2985 intuleram,
1276 2881 1346 2967 de·

272 3020 489 3110 precatur,
528 2993 652 3080 firmo
682 2996 801 3080 statui
832 2996 1065 3108 propofito,
1105 2999 1154 3084 de
1180 3000 1347 3081 nemine

271 3110 443 3224 posthac
469 3135 625 3194 temere
639 3107 840 3221 judicare:
871 3110 1112 3197 humanitati
1137 3112 1347 3197 honorem

238 3221 241 3226 ’
272 3224 447 3312 habere:
483 3249 530 3309 oc
548 3221 715 3311 sollicite
732 3224 1063 3336 circumspicere,
1081 3225 1220 3339 siquid
1236 3223 1347 3327 adfit',

273 3337 393 3453 quod
418 3335 515 3423 faui
541 3338 736 3428 invidiam
764 3339 791 3424 fi
819 3366 904 3424 non
930 3340 1063 3441 tollat,
1097 3344 1255 3424 minuat
1278 3338 1346 3423 sal·

273 3461 383 3564 'tem3
415 3455 458 3540 8r
476 3451 692 3537 hominem
715 3479 836 3538 reum
861 3452 1044 3557 excuset,
1073 3457 1147 3566 qui
1163 3452 1214 3539 ab
1232 3454 1347 3537 omm'
1405 3521 1411 3527 .

273 3566 397 3680 culpa
414 3559 568 3651 absolvi
585 3570 741 3678 nequit.
1006 3674 1008 3678 Ι
1347 3641 1350 3646 .

358 3680 461 3765 Non
490 3700 579 3762 toto
611 3678 742 3764 biduo
769 3676 1057 3796 Magdeburgi
1094 3675 1181 3766 sum
1214 3703 1346 3766 mora·

257 3793 358 3882 tusj
411 3792 579 3878 Diutius
598 3789 845 3896 mansissem,
873 3817 921 3878 ut
938 3794 988 3879 ad
1004 3789 1218 3894 Relevicii,
1251 3821 1347 3879 con·

272 3906 553 4011 ventualiurn,
579 3905 622 3992 81
638 3906 786 3992 Funlcii
810 3903 1186 3993 confabulationem
1202 3906 1347 4014 jucun·

274 4022 374 4109 darn
399 4020 443 4144 &r
467 4022 717 4135 proficuam,
746 4021 948 4133 redirem3
983 4020 1051 4116 scd
1075 4026 1350 4220 crevitrffiuo

345 4190 396 4202 ---
891 4179 895 4194 ·
1179 4167 1181 4172 ·
1253 4162 1325 4218 xx
