3200 4784
500 401 642 478 320
836 353 841 358 ’
998 367 1654 448 ΜοιωΜεΝτΑ
1703 368 2249 448 νεῖ-ιιι.

503 563 644 639 259
672 503 1222 624 .1nterlocutio‚
1302 550 1456 622 quae
1505 531 1704 604 omni
1757 529 2055 623 epistola
2114 531 2442 612 recitata
2485 543 2630 614 orei

590 657 595 666 ·
746 638 966 709 bitam
1001 655 1039 706 a
1080 632 1475 704 Catholicis
1521 632 1946 722 pronuntiat
1981 629 2120 702 ess'e
2159 631 2631 723 patientiam:

746 737 815 810 &
862 729 1195 808 adversus
1242 745 1521 804 textum
1564 730 1718 822 ejus
1759 732 1968 826 jubet
2019 727 2490 824 respondere
2529 729 2637 804 cz-

747 837 1090 908 tholicos.

506 956 647 1034 260
694 952 1116 1052 Prosecutio
1148 944 1724 1038 Donatistarum,
1779 943 2263 1037 qua'petunt,
2335 965 2436 1024 ut
2473 948 2642 1025 testi·

744 1054 991 1129 monia
1032 1049 1149 1124 sua
1173 1047 1587 1123 testimoniis
1623 1046 2114 1119 revincantur.

505 1180 639 1254 261
698 1171 847 1246 Ubi
894 1193 931 1245 a
972 1168 1365 1242 Catholicis
1411 1163 1748 1241 adversus
1797 1163 2350 1245 Donatistarum
2393 1168 2650 1266 episto·

750 1277 888 1347 lam
920 1268 1420 1363 respondetur.
2055 1281 2062 1286 ·

504 1400 646 1472 262
694 1393 845 1466 Ubi
904 1391 1173 1464 volunt
1235 1387 1754 1478 interrumpere
1807 1384 2202 1461 Donatistae
2256 1403 2656 1484 negantes,

748 1513 982 1566 aream
1012 1493 1085 1561 in
1117 1485 1475 1578 scripturis
1514 1483 2134 1562 effenominatam.

504 1621 644 1709 263
698 1612 878 1685 Item
926 1608 1049 1680 ubi
1096 1601 1401 1675 afferunt
1453 1602 1852 1678 Donatistae
1887 1660 1912 1699 ‚
1985 1607 2073 1679 de
2117 1607 2452 1680 occultis
2513 1626 2660 1680 non

753 1706 1209 1783 evidentibus
1242 1704 1380 1774 reis
1408 1699 1878 1800 Evangelium
1909 1706 2372 1801 praecepifl'e,
2415 1721 2512 1779 ut
2539 1727 2657 1779 eo·

754 1830 909 1884 rum
950 1804 1337 1900 permixtio
1375 1805 1754 1880 toleretur.
1855 1879 1860 1884 ,
2335 1808 2394 1848 “

508 1937 650 2022 264
685 1928 845 2006 .Ubi
892 1911 1247 1997 Catholici
1293 1920 1657 2014 postulant
1686 1976 1711 2013 ‚
1782 1937 1865 1998 ut
1909 1924 2032 1997 fibi
2091 1925 2454 2017 patientia
2507 1943 2656 1997 non

752 2041 1098 2120 negetur,
1150 2043 1354 2112 quam
1394 2021 1520 2111 ipfi
1554 2024 1870 2096 recitatae
1907 2023 2464 2098 Donatistarum
2511 2024 2654 2118 epi·

752 2126 950 2198 stolae
980 2123 1461 2213 praebuerunt.

510 2234 645 2323 265
704 2222 1121 2299 Prosecutio
1171 2217 1762 2307 catholicorum,
1830 2223 1952 2295 ubi
1996 2224 2184 2293 inter
2235 2236 2516 2296 caetera
2567 2222 2652 2295 de

664 2375 672 2386 .
750 2321 1232 2417 superioribus
1271 2318 1580 2410 repetita
1633 2320 1699 2389 δι
1749 2321 1920 2393 illud
1963 2322 2320 2413 infertur,
2396 2322 2646 2397 mundi

752 2424 1045 2497 nomine
1075 2415 1458 2491 Ecclesiam
1495 2419 1874 2493 contineri.

508 2533 651 2604 266
701 2518 1233 2599 Donatistarum
1274 2534 1530 2589 contra
1571 2515 1698 2589 ista
1736 2521 2166 2613 contentio,
2217 2521 2478 2595 mundi
2511 2539 2645 2594 no·

750 2627 941 2697 mine
980 2613 1361 2691 Ecclesiam
1396 2638 1549 2689 non
1586 2619 1839 2693 teneri.

508 2733 645 2819 267
700 2724 849 2797 Ubi
903 2718 1260 2792 Catholici
1308 2716 1715 2810 postulant,
1789 2733 1871 2789 ut
1920 2718 2448 2790 admoneantur
2483 2718 2636 2789 Do·
