3200 4784
507 351 703 428 mm

518 519 957 601 ventutem
982 515 1325 626 patriam
1352 512 2053 627 paedagogiarcha,
2083 511 2182 604 ut
2209 520 2449 630 puto,
2483 539 2658 604 non

520 627 1081 746 negligenter,
1141 623 1797 738 neeinfelicite‘r.
1941 663 1948 670 ·
2029 731 2040 750 ι
2337 675 2341 680 -
2459 699 2468 709 .

463 743 471 764 ’
686 743 917 832 Cum
961 737 1170 830 festo
1228 741 1359 829 die
1410 740 1647 829 sacris
1699 741 2116 830 catholicis
2169 745 2258 831 &
2306 742 2662 832 sermoni

520 849 1033 952 interessem,
1081 881 1724 973 quemgravem
1759 858 1847 948 &
1881 857 2342 973 elegantem
2378 856 2475 942 ad
2515 883 2661 969 po-

522 970 830 1087 pulum
881 970 1229 1078 habuit,
1274 975 1407 1058 vir
1450 970 1549 1060 ad
1600 977 1945 1060 oratoris
1997 972 2304 1084 publici
2344 998 2660 1059 munus

520 1111 573 1173 a
618 1109 903 1174 natura
952 1082 1195 1173 fietus
1232 1080 1718 1202 saetasque,
1777 1086 2278 1174 venerabilis
2333 1085 2664 1173 Schnei-

480 1197 833 1312 ,derus3
906 1227 1301 1316 magnam
1366 1199 1534 1288 vidi
1604 1201 1843 1288 simul
1895 1202 2335 1290 hominum
2381 1200 2662 1290 alienae

526 1310 1050 1404 confeffionis
1096 1319 1465 1428 copiam,
1530 1341 1626 1406 ut
1668 1315 1940 1404 honos
1973 1338 2208 1402 tantae
2243 1316 2667 1427 popularis

524 1432 841 1544 gratiae,
892 1455 1109 1539 quc,
1170 1457 1365 1519 cum
1399 1434 1759 1532 viveret,
1809 1428 2491 1520 Reformatorum
2529 1457 2666 1518 cu-

522 1548 650 1631 r'io
696 1539 1312 1645 Zollikoferu3‚
1370 1539 1846 1646 fruebatur,
1905 1569 2130 1632 nunc
2181 1543 2280 1627 ad
2328 1544 2666 1632 Schnei-

528 1656 830 1749 derum
853 1656 1361 1748 ,catholicum
1397 1657 2156 1774 myrtum-migrasse
2189 1658 2590 1748 videatur.

702 1771 986 1861 Media
1020 1798 1186 1860 una
1220 1771 1355 1863 die
1393 1773 1638 1862 libuit
1677 1773 1994 1863 nonnisi
2029 1779 2244 1861 inter
2275 1796 2667 1862 mortuos

525 1884 867 1974 versari:
925 1912 1081 1997 per
1124 1886 1649 1999 sepulchreta'
1691 1915 1962 1978 errare
2007 1889 2092 1979 &
2143 1887 2672 2000 cenotaphia:

526 2000 681 2091 hac
734 1999 1012 2089 reliosa
1060 2005 1722 2115 peregrinatione
1779 2002 2095 2092 sensum
2137 2001 2674 2092 humanitatis

530 2129 873 2204 atuere:
934 2113 1399 2224 despuitis,
1457 2137 1675 2234 quos
1710 2113 2019 2209 scivero
2049 2115 2429 2206 hocloco
2467 2115 2712 2206 olim.

526 2228 633 2319 de
669 2229 1171 2320 humanitate
1205 2231 1415 2319 bene
1449 2235 1834 2333 meritos,
1879 2254 2343 2348 parentare:
2405 2234 2499 2314 iis
2535 2256 2673 2316 au·

527 2367 741 2446 tem,
800 2343 1447 2460 qui-superstites
1482 2345 1784 2449 adhuc,
1823 2344 2165 2438 suorum
2195 2344 2518 2464 aliquos
2554 2343 2676 2433 lu·

531 2479 736 2578 gent
768 2482 1039 2548 morte
1076 2459 1218 2549 sibi
1250 2485 1621 2576 ereptos,
1684 2463 2067 2572 compati.

696 2574 1015 2662 Primas·
1034 2573 1381 2678 Gellerti
1404 2573 1788 2664 manibus
1808 2573 2089 2664 deberi
2113 2571 2674 2676 ratuS,Wend·

382 2688 388 2694 ’
529 2684 1286 2778 leri-suburbanum
1315 2687 1901 2799 primum-adii.
2019 2690 2180 2774 Hic
2212 2686 2677 2799 Bibliopola
2729 2770 2733 2774 .
