3200 4784
409 417 884 513 nlrllonaarsmaauu
911 415 1162 496 llrsronra.
1247 430 1349 520 489²

256 581 440 656 laboribus
457 583 613 674 agimus,
639 594 701 650 aut
720 578 816 669 pacis
834 577 987 649 consiliis
1004 577 1230 660 ordinamus,
1257 582 1323 660 nist

255 699 299 753 ut
315 700 441 754 verunt
458 679 526 751 Dei
543 681 678 750 cultum
696 679 793 747 orbis
809 675 919 747 nostri
937 678 1036 770 plebs
1052 680 1189 750 deuota
1205 680 1323 754 custo·

256 782 346 871 diat,
366 796 407 850 ut
423 780 529 851 etiam
543 775 748 849 Donatistas
766 777 825 846 vel
840 790 982 847 terrore
997 779 1057 847 vel
1074 782 1214 851 monitu
1233 783 1323 857 olim

248 880 326 973 jani
345 882 493 971 implere
510 890 755 966 convenerat,
777 876 835 964 qui
853 875 1033 967 Africam,
1056 876 1129 948 hoc
1142 878 1208 968 est,
1222 884 1323 977 regni

257 978 371 1052 nostri
390 979 574 1050 maximam
590 990 739 1068 partem,
755 973 1009 1045 &secularibus
1021 974 1147 1047 officiis
1166 976 1322 1052 fideliter

257 1077 477 1151 servientem
501 1096 599 1147 vano
626 1094 749 1145 errore
776 1075 809 1143 ἃ
838 1073 1046 1145 dissensione
1064 1074 1240 1167 superflua
1263 1082 1324 1153 de·

261 1181 441 1250 colorant
491 1174 574 1249 Nos
599 1190 717 1245 tamen
739 1173 861 1244 eadem
886 1171 1107 1261 frequentius
1129 1196 1206 1249 non
1226 1178 1325 1274 piget

258 1279 465 1369 explicare,
499 1294 575 1365 quae
601 1275 759 1344 omnium
783 1288 884 1344 retro
906 1272 1107 1366 Principum
1127 1275 1264 1349 devota
1283 1279 1323 1353 in

260 1377 380 1450 Deum
399 1373 566 1449 definivit
581 1372 794 1461 austoritas‚
821 1375 1104 1462 ne·temporibus
1123 1373 1271 1464 nostris,
1298 1378 1324 1454 li

262 1476 347 1568 quid
369 1475 467 1548 forte
490 1478 527 1545 in
548 1473 711 1563 injuriam
734 1472 822 1565 legis
837 1468 1033 1541 Catholicae
1055 1472 1164 1545 suerit
1179 1498 1325 1570 genera·

262 1589 360 1667 tum,
379 1573 474 1666 justo
488 1573 624 1663 judicio
645 1572 718 1642 hoc
739 1571 847 1666 npbis
867 1569 970 1660 polilt
987 1572 1163 1663 imputare
1179 1575 1326 1668 posteri.

262 1688 329 1748 tas.
378 1673 462 1745 Nec
480 1674 560 1744 sane
579 1674 667 1741 latet
682 1670 937 1742 conscientiam
958 1668 1112 1744 nostram
1129 1671 1243 1745 sermo
1258 1696 1327 1747 crs·
1405 1679 1408 1690 ’

260 1772 356 1847 lestis
375 1772 531 1860 oraculi,
558 1791 662 1861 quern
681 1769 793 1841 errori
815 1767 878 1839 suo
900 1767 998 1858 polle
1016 1769 1195 1860 proficere
1213 1772 1327 1850 scaeva

262 1869 531 1945 Donatistarum
549 1869 800 1959 interpretatio
818 1865 1010 1959 profitetur
1028 1893 1040 1956 ;
1085 1874 1144 1961 qui
1163 1876 1327 1963 quamvis

262 1971 480 2064 depravatos
500 1970 636 2041 animos
655 1965 698 2038 ad
718 1965 1121 2041 correslionemxmitius
1139 1972 1326 2080 invitaret,

262 2071 404 2143 ‘aboleri
420 2090 500 2143 eum
521 2086 638 2141 tamen
655 2081 737 2138 ante
751 2066 929 2157 jussimus,
955 2087 1090 2157 nequa
1113 2068 1329 2162 superstitio·
1360 2114 1364 2121 ·

263 2172 369 2243 nibus
388 2169 612 2259 praestaretur
631 2165 784 2238 occasio.
839 2163 948 2237 Nunc
968 2187 1113 2264 quoque
1135 2174 1328 2245 excluden-

266 2270 346 2342 dam
366 2266 634 2360 subreptionem
655 2265 754 2337 simili
771 2262 983 2346 ausloritate
996 2266 1201 2364 censemus,
1227 2272 1330 2343 illud·

266 2389 337 2457 que
351 2370 481 2440 merito
498 2364 731 2457 profitemur,
757 2366 912 2437 libenter
929 2385 997 2435 nos
1014 2386 1076 2455 ea,
1104 2387 1181 2457 quae
1197 2366 1339 2460 statutax
1402 2441 1405 2452 ,

264 2469 433 2558 fuerant,
459 2464 698 2553 submouere,
724 2485 771 2537 ne
786 2464 824 2534 in
839 2465 1001 2535 divinum
1017 2467 1152 2537 cultum
1169 2470 1275 2539 nobis
1295 2467 1331 2543 se

267 2569 452 2657 quisquam
467 2563 669 2636 ausloribus
680 2562 828 2633 aestimet
842 2560 942 2651 posse
956 2581 1119 2651 peccare.
1151 2562 1199 2635 Et
1214 2588 1333 2657 quam.

268 2665 324 2734 vis
341 2687 411 2735 una
427 2663 469 2738 stt
486 2665 646 2735 omniurn
664 2661 696 2732 δι
711 2658 895 2748 manifesta
912 2658 1106 2753 sententia,
1134 2661 1333 2738 Catholicae

268 2765 357 2855 legis
383 2764 523 2852 plenam
550 2765 740 2832 veritatem
764 2755 864 2830 tesso
884 2760 1069 2832 hominurn
1092 2763 1191 2834 cultu
1210 2764 1243 2835 ἃ
1261 2786 1333 2837 coe-

267 2861 346 2936 lesti
369 2859 543 2933 sententia
564 2860 866 2949 comprobatam,
898 2853 1015 2929 studio
1039 2874 1157 2934 tantcn
1180 2866 1277 2955 pacis
1300 2865 1335 2937 δι

270 2962 392 3058 gratiae
419 2960 686 3031 uenerabilium.
705 2958 867 3029 virorum
893 2954 1155 3051 Episcoporum
1176 2963 1335 3060 legatio-

271 3082 354 3136 nem
377 3059 532 3131 libenter
556 3056 772 3148 admisturus,
799 3078 877 3146 quae
899 3060 1108 3153 congregari
1126 3060 1334 3135 Donatistas

270 3157 475 3251 Episcopos
494 3157 537 3229 ad
558 3171 688 3229 costum
710 3158 950 3229 celeberrime
971 3158 1143 3229 desiderat
1161 3164 1334 3254 civitatis,
1363 3153 1368 3174 ‘

271 3273 315 3330 ut
336 3256 433 3330 lestis
448 3258 554 3330 etiam
570 3255 834 3340 sacerdotibus,
863 3273 955 3345 quos
975 3277 1054 3347 pars
1074 3274 1224 3349 utraque
1241 3261 1336 3333 dele·

271 3360 377 3453 gerit,
397 3357 525 3429 habitis
540 3356 838 3448 disputationibus
858 3352 1141 3446 superstitionem
1159 3360 1254 3429 ratio
1265 3380 1337 3431 ma·
1377 3354 1379 3357 ’

271 3456 398 3531 nisesta
425 3455 604 3529 confutet.
664 3458 782 3553 Quam
805 3474 879 3526 rem
904 3457 997 3526 intra
1022 3469 1175 3543 quatuor
1200 3457 1337 3551 menses

273 3556 499 3652 precipimus
516 3556 708 3646 explicari,
735 3570 777 3624 ut
799 3552 997 3626 conuersos
1020 3555 1157 3626 animos
1183 3559 1341 3649 populo.

272 3657 484 3731 rumesiam
507 3653 628 3727 nostra
649 3654 861 3741 clementia,
894 3652 984 3728 sicut
1014 3653 1210 3745 desiderat,
1245 3657 1341 3729 cele·

274 3759 347 3829 rius
365 3755 470 3847 poisat
484 3750 688 3848 agnoscere.
728 3752 840 3847 Quod
858 3751 881 3822 st
898 3753 991 3823 intra
1006 3751 1235 3844 praestitutum
1250 3770 1339 3829 tean-
1375 3829 1377 3834 ,

275 3850 508 3947 pusstudiose
521 3851 787 3925 Donatistarum
800 3847 967 3942 Episcopi
980 3852 1341 3928 declinaverintcon·

276 3955 429 4036 venire,
462 3954 546 4025 trini
565 3951 666 4027 edisti
684 3953 940 4023 evocationem
960 3952 1130 4024 volumus
1147 3951 1340 4041 custodiri;

274 4053 394 4131 itaut
422 4053 561 4130 vicenis
593 4051 718 4128 diebus
750 4052 1041 4231 inssefi'ocatione
1073 4052 1356 4139 contumacium

883 4170 903 4246 ς
1224 4159 1325 4215 tem-
