3200 4784
310 432 312 437 ·
362 408 839 509 orDouirrrrsauro
862 400 1154 499 Hrsro'urnx'
1206 436 1280 519 412
1370 492 1373 497 ,

225 583 371 659 occiente
393 582 547 679 Restituto
570 582 716 677 Episcopo
738 583 818 653 idem
836 583 941 653 dixit:
975 580 1147 678 Agnosco
1167 579 1279 660 illurn.

225 688 268 757 Er
280 687 449 755 recitauit:
466 680 667 771 Restitutus
680 680 879 774 Episcopus
898 680 1013 773 plebis
1024 680 1281 779 Sinringitensrt¹

225 802 341 857 :orarn
369 782 452 853 viro
477 781 662 856 clarissimo
686 779 854 855 Tribuno
881 782 915 854 u
941 779 1099 853 Notario
1125 779 1280 863 Marcel·

228 886 293 956 ino
319 878 551 973 suprascripta
588 880 756 954 mandavi
788 880 823 952 u
853 877 1031 972 subscripsi
1060 875 1279 978 Carthagini.

225 985 292 1075 Quo
312 986 446 1052 recitato
466 982 546 1050 idern
563 983 666 1050 dixit:
700 978 890 1052 catholica
910 978 961 1053 est
975 978 1103 1053 omnis,
1134 980 1280 1050 ‘Haber-

225 1086 291 1153 lous
303 1085 467 1152 Diaconos
483 1080 589 1149 dixitr
606 1077 646 1150 N
648 1098 698 1151 on
711 1079 894 1153 habemus,
931 1081 977 1150 Et
987 1082 1157 1152 recitavit:
1173 1078 1281 1152 Ostur
1367 1082 1373 1095 ‘

225 1181 300 1254 rius
317 1174 515 1271 Episcopus
532 1179 645 1273 plebis
663 1174 894 1251 Utirnmensrs
917 1196 1039 1251 coram
1058 1178 1142 1249 viro
1166 1172 1282 1251 claris·
1315 1254 1318 1259 ,

225 1281 305 1354 imo
315 1277 481 1350 Tribuno
497 1277 577 1349 &N
579 1277 698 1349 utorio
707 1277 924 1350 Marcellino
939 1272 1171 1369 suprascripta
1184 1297 1282 1351 man·

225 1378 302 1452 lavi
322 1373 552 1468 &subscripsr
570 1375 787 1471 Carthagini.
836 1378 910 1469 Quo
926 1382 1058 1446 recitato
1081 1380 1160 1456 idem
1174 1380 1282 1446 dixit:

225 1476 250 1548 E
266 1476 451 1567 contrario
470 1474 554 1547 rnihi
573 1473 623 1547 est
639 1473 858 1549 Bonisrcius.
912 1477 959 1546 Et
972 1477 1131 1547 accedente
1140 1476 1284 1569 Eonifo-

225 1584 265 1647 :c'o
279 1577 424 1671 Episcopo
444 1576 525 1644 ollem
544 1575 652 1645 dixit.-
685 1572 857 1670 Agnosco
879 1575 988 1650 illuns.
1043 1576 1091 1647 Et
1109 1581 1283 1667 rocc'rcooc'r:¹

225 1675 438 1751 Viclorinus·
453 1671 652 1765 Episcopus
671 1675 786 1765 piebis
805 1671 1025 1747 Tabudensrs
1051 1694 1175 1747 coram
1198 1678 1283 1751 viro

225 1773 404 1848 clarissimo
425 1771 593 1846 Tribuuo
619 1769 833 1845 &Notario
858 1774 1073 1847 Marcellino
1099 1769 1286 1867 suprascri-

225 1888 283 1968 pta
310 1870 475 1946 mandavi
502 1871 536 1944 Er
564 1869 744 1966 subscripsi
770 1868 988 1968 Carthagini.
1049 1875 1124 1965 Quo
1152 1868 1284 1946 recitato

225 1976 298 2045 roem
316 1976 424 2044 elixis.-
456 1966 648 2043 Ediverso
670 1968 722 2043 est
744 1962 914 2065 Argutus.
975 1973 1024 2043 Er
1042 1976 1200 2045 accedente
1220 1976 1285 2046 Ar·

225 2089 294 2168 ξατο
321 2070 466 2168 Episcopo
487 2071 568 2140 idern
591 2072 700 2140 dixit-t
733 2067 907 2164 Agnosco
931 2070 1043 2149 illum.
1097 2068 1147 2145 Er
1169 2081 1284 2145 recito·

225 2178 294 2242 vit:
314 2171 566 2266 rMaximianus
589 2166 790 2261 Episcopus
816 2168 930 2263 plebis
952 2168 1140 2247 Enerensrs
1160 2190 1287 2249 corant

225 2272 306 2344 viro
326 2267 508 2343 clariffirno
526 2266 694 2341 Tribuno
711 2266 917 2342 &Notario
931 2264 1151 2344 Marcellino
1169 2264 1286 2357 supra·

225 2370 347 2464 scripta
366 2368 584 2446 mandavi&
606 2364 784 2461 subscripsi
798 2364 1015 2463 Carthagini.
1048 2373 1141 2463 ¹Quo
1155 2377 1286 2441 recreata

225 2472 303 2543 lolem
314 2472 416 2540 dixit:
436 2464 624 2542 catholica
643 2462 712 2558 est,
732 2468 908 2540 unitatem
921 2466 1051 2542 habeo.
1097 2466 1287 2561 Quodvult-

225 2572 294 2644 scos
313 2568 480 2667 Episcopus
496 2571 600 2638 dixit.-
625 2567 748 2639 Habet
764 2556 1003 2659 Episcopumt
1037 2564 1096 2639 sed
1116 2561 1207 2641 male
1226 2564 1289 2641 ha·

225 2673 296 2745 bet.
346 2664 397 2741 Er
418 2671 591 2738 recitavitr
622 2663 781 2755 Reginus
796 2660 994 2759 Episcopus
1011 2658 1122 2758 plebis
1140 2658 1288 2760 Tigilla·

225 2767 337 2841 vensrs
353 2786 476 2837 coram
493 2768 575 2836 viro
590 2759 772 2836 clatiffimo
786 2760 956 2836 Tribuno
968 2764 1001 2837 ἀ
1011 2764 1172 2838 Notario
1187 2764 1288 2838 Mar·

225 2867 358 2940 collino
378 2859 606 2959 suprascripta
624 2863 791 2935 mandavi
817 2862 851 2935 δι
872 2862 1052 2959 subscrips
1067 2860 1287 2959 Carthagini.

225 2969 295 3058 Quo
317 2968 446 3036 recitata
467 2966 545 3033 idem
563 2963 671 3032 dixit.-
704 2953 737 3031 E
759 2959 904 3035 diverso
923 2964 1009 3038 mihi
1033 2962 1083 3038 est
1100 2964 1286 3042 Donatus.

225 3067 406 3139 Floram
425 3059 588 3160 Episcopus
608 3062 718 3132 dixitr
750 3058 812 3134 De
834 3063 965 3137 itinere
986 3064 1140 3138 revertit
1160 3056 1287 3137 Dona·

225 3179 283 3237 tus
308 3160 410 3236 causa
434 3161 661 3259 aegritudinisc
713 3159 762 3233 Et
783 3166 957 3237 recitavilt
996 3164 1070 3266 Qui
1097 3156 1200 3260 supra
1218 3175 1287 3259 pro

225 3262 421 3347 Cresconio
436 3258 615 3357 Episcopo
633 3258 901 3358 Centenariensr
919 3263 1090 3361 praeseute
1111 3266 1194 3335 uiro
1217 3258 1287 3345 cla,

225 3361 352 3436 rilsrnro
375 3351 543 3456 Tribuno
566 3360 600 3434 Er
621 3358 783 3455 Notatio
811 3353 1028 3435 Marcellino
1055 3352 1293 3457 suprascripto,

225 3460 389 3538 mandavi
405 3460 441 3533 uc
460 3450 637 3555 subscripss
652 3456 859 3555 Carthagini
872 3466 896 3551 ‚l
920 3481 967 3535 eo
984 3460 1084 3555 quod
1102 3448 1290 3561 infirmita»,

225 3565 269 3635 tis
291 3557 393 3635 causo
411 3559 669 3655 praepedirtur,
698 3558 890 3633 mandente
911 3552 987 3654 ipso
1006 3550 1183 3653 litbscrlpsr
1200 3548 1293 3642 Con

225 3661 370 3756 thagini.
406 3663 481 3752 Quo
495 3665 628 3731 recitato
642 3658 721 3727 idom
732 3658 836 3728 diociis
851 3648 885 3728 E
898 3656 1042 3731 diverso
1054 3650 1114 3731 estc
1123 3703 1152 3731 ,ι
1176 3651 1290 3750 Quoi«.

225 3760 373 3831 uolricus
395 3744 560 3874 Epistopiec
582 3757 689 3827 dlxirc
721 3754 844 3830 Etiam·
864 3748 936 3853 lpse
954 3750 1046 3831 male
1065 3752 1185 3830 hauet.
1233 3744 1290 3851 Et

225 3864 400 3943 recitoolrt
435 3850 536 3933 Felix
558 3850 768 3952 Episcopus¹
805 3848 896 3928 lehis
918 3842 1136 3929 lzirianenlis
1162 3867 1286 3931 corant

225 3960 309 4031 viro
327 3952 509 4034 clarillirno
525 3949 744 4030 Tribuno&
800 3954 919 4027 utorio
935 3945 1150 4029 Marcellino
1170 3946 1286 4057 supra·

225 4049 352 4151 scripta
368 4058 534 4147 maroni
553 4050 587 4131 ὰ
603 4044 782 4156 subscripi
797 4042 1017 4155 Carthagini.
1064 4050 1135 4153 ρῳ
1152 4062 1291 4156 cecoton

272 4149 484 4253 optoloslci
499 4148 627 4238 sins.
847 4144 927 4237 ul
1178 4144 1270 4221 illl*
