3200 4784
387 447 452 505 uu·
472 424 882 525 D'pun'rss‘rnnusr
904 410 1164 503 ursionis.
1241 409 1319 527 351'

325 608 363 684 7:
390 589 571 662 Petilianis
580 590 747 686 Episcopus
757 590 863 660 dixis.-
882 587 974 663 Non
988 590 1097 663 decet·
1104 612 1174 667 nos
1190 601 1314 694 cogni.

245 701 368 765 torem
387 692 519 786 eligere
536 691 711 781 alterum,
746 690 808 780 qui
830 708 909 763 non
932 691 1128 783 petivimus
1148 696 1312 787 primum.

246 792 288 870 σ
307 792 373 862 alla
393 788 500 865 mani.
532 787 763 890 Recognovi.
814 822 819 827 ·
1002 790 1006 809 ¹

326 900 358 970 8.
389 891 601 962 Marcellinus
621 896 680 959 uir
699 884 889 978 clarifflmur
909 882 1075 959 mutunus
1091 890 1131 967 δ’
1149 898 1313 969 Notarius

244 993 355 1063 dixit.-
385 987 650 1062 Evidentiffime
668 989 921 1081 preceptionis
939 987 1091 1085 auguste
1107 1006 1237 1068 tenore
1254 998 1315 1072 de·

247 1093 421 1164 claretum
438 1087 512 1179 est,
539 1090 773 1161 collationem
789 1106 866 1158 non
884 1092 1112 1182 cognitorem
1128 1091 1230 1167 fuisse
1248 1117 1314 1188 po·

244 1189 440 1279 stulatum,
468 1189 665 1261 &arbitrio
684 1186 747 1259 suo
764 1207 852 1261 mee
866 1188 1125 1264 mediocritatis
1141 1193 1315 1283 J'udicium

246 1286 433 1384 delegisse:
460 1289 518 1359 cui
530 1284 671 1359 necesse
683 1285 734 1360 est
746 1308 804 1360 me
817 1288 985 1360 omnibus
998 1290 1114 1363 modis
1127 1291 1315 1389 inservire,

247 1409 332 1462 cum
354 1388 388 1459 dt
410 1385 627 1461 santionem
652 1385 806 1460 vestram
830 1385 915 1459 ideo
940 1387 1149 1473 convenisse
1168 1394 1316 1469 manife-

246 1487 338 1562 stum
355 1485 421 1577 sit,
448 1500 490 1559 ut
512 1482 699 1559 satisfieret
714 1484 958 1578 imperialibus
979 1487 1197 1567 constitutis.
1250 1532 1253 1537 ·

322 1610 356 1682 9.
387 1589 564 1659 Parilianus
579 1583 746 1681 Episcopus
760 1589 867 1657 dixit.-
892 1580 1007 1683 Saluis
1023 1591 1214 1682 omnibus,
1235 1614 1314 1685 quae
1389 1652 1396 1673 .

247 1698 465 1780 competunt
484 1687 615 1776 nobis,
642 1684 676 1757 dt
698 1684 743 1759 de
758 1684 911 1782 persona
925 1686 959 1758 dr
973 1688 1009 1759 in
1028 1686 1152 1782 causa,
1179 1713 1315 1786 propo·
1396 1694 1401 1709 “

247 1801 340 1859 nant
354 1787 400 1878 ii,
420 1785 481 1877 qui
495 1784 557 1857 ista
574 1786 705 1858 elicere
720 1803 941 1861 meruerunt.
971 1787 1020 1858 Et
1036 1790 1102 1859 ulia
1116 1814 1223 1865 manu.
1250 1793 1316 1868 Pe.

248 1887 393 1960 tilianus
414 1883 611 1977 Episcopus
629 1886 846 1981 recognovi.
921 1918 924 1925 ·

328 1989 539 2057 Murredium
561 1991 619 2056 vir
638 1982 831 2076 clarifflmrrr
855 1978 1019 2058 Tribunus
1035 1986 1074 2064 (J
1088 1990 1249 2061 llsotariur
1268 1993 1317 2062 di·

249 2090 321 2158 xit:
346 2084 459 2158 Salvis
478 2098 585 2176 atque
601 2086 842 2159 incolumibus
858 2086 1051 2177 universis,
1078 2108 1157 2181 quae
1177 2091 1315 2189 legibus

251 2185 487 2279 deferuntur,
520 2182 713 2258 ediuorem
736 2204 802 2278 per
828 2185 1029 2280 ordinem,
1051 2187 1140 2261 sicut
1163 2189 1197 2262 u
1217 2192 1316 2286 prius

249 2282 378 2375 statui,
403 2282 528 2359 forme
544 2285 756 2359 recitentur.

333 2404 388 2461 10.
409 2384 577 2455 Martialis
592 2404 732 2479 exceptor
747 2386 918 2453 recitauit:
936 2382 1154 2480 Magnitudo
1165 2385 1316 2474 huiusce

249 2485 414 2580 negotii,
441 2484 538 2575 quod
558 2483 602 2554 de
622 2482 786 2556 veritatis
805 2500 845 2552 ac
860 2482 1042 2578 religionis
1063 2485 1246 2578 agnitione
1262 2482 1318 2555 su·

249 2583 416 2676 stipitur,
449 2581 580 2654 etiamst
605 2602 729 2672 parum
753 2583 930 2652 momenti
953 2578 1003 2652 sui
1023 2583 1214 2656 libraretur
1235 2602 1316 2655 exa-

251 2684 379 2772 mine,
417 2693 644 2753 convenerat
672 2692 792 2749 tamen
817 2674 889 2769 ipsa
916 2676 1173 2772 disceptantum
1202 2686 1320 2778 gravi·
1371 2702 1385 2720 ‘²

251 2794 328 2853 tate
354 2793 462 2866 atque
487 2777 699 2851 austoritate
719 2773 867 2867 pensari.
924 2776 1027 2850 Nulli
1050 2783 1145 2855 enirn
1165 2782 1318 2855 habetur

251 2879 483 2970 ambiguum,
516 2876 638 2968 quanti
672 2874 714 2947 s1t
743 2876 916 2968 ponderis
952 2877 1080 2974 causa,
1116 2884 1318 2972 quainter
1376 2916 1379 2921 ·

251 2975 515 3068 Episcoporum
547 2973 598 3048 est
635 2972 861 3046 discutienda
889 2976 1070 3068 personas.
1127 2979 1197 3053 Sed
1232 2999 1318 3054 cum

251 3077 337 3152 mihi
353 3077 601 3170 cognitionem
613 3072 879 3165 disceptationis
893 3078 1043 3168 huiusce
1057 3080 1249 3153 crediderit
1260 3099 1319 3151 au·

253 3175 353 3271 gusta
379 3175 561 3271 dignatio,
582 3175 720 3264 ‘eisque
741 3174 898 3266 judicem
926 3177 1089 3271 dederit,
1117 3181 1244 3271 quibus
1266 3180 1319 3252 in·

251 3275 425 3350 seriorem
459 3298 518 3349 me
551 3271 621 3346 elle
656 3294 725 3367 pro
761 3274 851 3346 tanti
885 3279 1041 3351 nominis
1077 3281 1319 3352 veneratione

253 3371 462 3469 cognosco,
481 3372 565 3446 fidei
579 3372 826 3446 sollicitudinis
841 3396 927 3461 meat
944 3377 1012 3449 hac
1028 3377 1321 3450 consideratione

251 3472 442 3568 prospexi,
469 3487 511 3543 ut
528 3474 668 3546 demto
688 3475 819 3548 vellem
835 3474 972 3564 judicio
988 3477 1150 3567 judicari.
1202 3475 1320 3566 Hujus

251 3576 360 3668 igitur
387 3569 599 3643 austoritate
627 3573 801 3664 propositi
832 3592 959 3649 omnes
989 3574 1319 3666 utriusquepartis

251 3671 455 3765 Episcopus
472 3669 588 3742 censui
604 3671 907 3762 commonendos,
919 3687 961 3743 ut
978 3688 1061 3745 ante
1081 3670 1319 3768 cognoscant,

252 3792 330 3844 non
348 3773 498 3869 amplius
517 3790 620 3859 quam
638 3767 806 3858 septenos
827 3774 1005 3853 ambarum
1023 3770 1226 3865 Episcopus
1241 3792 1320 3864 par·

252 3871 342 3944 tium
356 3886 488 3945 mutuae
505 3870 599 3940 inter
615 3864 650 3938 se
667 3866 935 3959 disceptationis
952 3870 1139 3943 habituros
1157 3869 1227 3943 esse
1244 3873 1320 3943 col·

252 3966 436 4061 loquium,
457 3988 548 4060 quos
565 3969 601 4040 in
619 3962 776 4039 officium
793 3963 991 4059 disputandi
1010 3970 1147 4045 suarum
1166 3974 1319 4065 partium

251 4068 462 4165 subrogaret
484 4066 632 4144 cicilio:
664 4064 835 4159 siquidem
857 4077 996 4143 certum
1005 4062 1130 4167 'deligi
1145 4090 1199 4142 eu
1214 4069 1331 4232 pcrti-

723 4189 725 4193 ’
809 4162 815 4185 “
1255 4179 1309 4228 ua

722 4420 799 4462 -ΙΙ
940 4442 1047 4462 *Α
