3200 4784
685 464 730 521 2
1078 493 1095 522 ,,
1254 484 1259 490 -
1404 399 1809 520 Orffrkrr
1860 433 2150 517 Aru
2230 469 2237 494 ·

834 623 911 676 2.
954 579 1138 698 Quat
1170 599 1355 692 βπ,
1396 599 1492 691 fi,
1527 613 1614 674 ut
1646 600 1809 673 data
1842 614 2044 692 erat,
2034 591 2183 674 fic
2211 600 2490 699 integra
2514 601 2826 680 inviola-

523 663 532 679 ἱ
569 757 574 763 ·
685 718 903 794 taque
935 695 1320 789 manfiss'et‚
1373 720 1508 772 nec
1532 703 1632 773 ab
1670 702 2046 773 autoribus
2079 701 2463 778 schismatis
2508 708 2827 794 turbare-

560 881 569 897 *
685 818 840 875 tur.
893 804 1080 872 inter
1122 818 1264 871 nos
1315 799 1383 872 &
1424 798 1681 872 fratres
1718 799 2004 873 nostros
2040 802 2261 874 hodie
2296 824 2445 877 non
2479 804 2653 876 esset
2680 808 2827 886 ulla

686 899 1055 976 dissentio.
1131 914 1269 970 nee
1327 900 1430 970 illi
1495 898 2051 971 inconsolabiles
2098 900 2270 974 Deo
2314 905 2664 994 lacrymas
2719 904 2827 978 fa·

690 1014 977 1084 c‚erent
991 997 1229 1092 quod
1265 987 1643 1114 Propheta
1657 996 1894 1070 Esaias
1927 986 2256 1071 testatur:
2308 1022 2447 1075 nec
2481 1000 2825 1079 falsorum

683 1114 933 1194 yatum
976 1085 1248 1172 nomen
1290 1098 1357 1169 &
1401 1096 1643 1170 a&us
1622 1115 2110 1171 lncurrerent:
2162 1120 2304 1171 nec
2335 1099 2720 1186 ruinosum.
2734 1124 2825 1176 ac

685 1184 1089 1273 dealbatum
1139 1211 1559 1269 extruerent
1601 1198 1997 1290 parietem.
2060 1219 2202 1269 nec
2244 1202 2479 1273 minus
2531 1198 2827 1285 astutas,

680 1297 801 1374 sed
856 1311 1137 1388 tantum
1190 1296 1535 1392 {implices
1585 1307 2004 1370 everterent
2053 1311 2376 1373 mentes.
2399 1320 2584 1384 nec
2625 1306 2764 1375 ma’
2776 1325 2824 1376 e

607 1401 641 1450 ·'
681 1391 1130 1494 imponendo
1199 1399 1533 1469 omnibus
1603 1395 1987 1490 capitibus'
2018 1403 2356 1493 manum,
2423 1399 2821 1474 eversionis

679 1502 1092 1573 velamenta
1126 1496 1656 1569 obtenderent.
1715 1515 1852 1566 nec
1882 1496 2399 1572 maledicerent
2421 1498 2627 1572 Deo:
2674 1520 2823 1574 nec

636 1630 661 1660 -.
678 1600 1227 1689 rebaptizarent
1252 1593 1537 1668 fideles,
1590 1616 1730 1668 nec
1770 1613 1908 1667 nos
1946 1594 2227 1684 eversas
2261 1612 2385 1671 aut
2414 1598 2733 1678 occisas
2715 1621 2825 1673 m

682 1698 1105 1774 nocentium
1139 1695 1403 1769 animas
1433 1694 1873 1782 doleremuS,
1908 1715 2080 1787 quas
2110 1700 2303 1791 prius
2336 1692 2571 1771 doluit
2587 1698 2826 1793 Deus,

674 1817 814 1920 per
866 1789 1337 1869 Ezechielem
1374 1796 1849 1889 prophetam,
1914 1796 2202 1870 dicens·
2277 1802 2389 1873 Vae
2420 1797 2825 1900 facientibus

680 1897 972 1968 velamen
1008 1895 1201 1991 super
1243 1920 1420 1965 omne
1463 1911 1693 1991 caput,
1758 1892 1837 1971 (Ἰ
1868 1892 2052 1992 super
2087 1910 2327 1968 omnem
2374 1915 2671 1989 aetatem,
2729 1901 2823 1992 qd

615 2053 621 2064 .
681 1997 1059 2070 evertendas
1110 1999 1385 2068 animas.
1487 2001 1737 2067 Anima
1774 1998 2039 2085 eversa,
2091 1997 2255 2085 sunt
2275 2001 2489 2094 populi
2522 2007 2679 2074 mei:
2731 1977 2817 2076 s&

679 2100 1164 2170 maledicebant
1182 2097 1348 2165 mihi
1398 2099 1473 2164 in
1515 2096 1739 2191 populo
1778 2119 1949 2183 meo,
2018 2111 2101 2165 vt
2141 2102 2490 2170 occiderent
2541 2106 2819 2181 animat,

724 2223 836 2270 uas
867 2222 995 2267 non
1025 2202 1309 2292 oportuit
1344 2202 1537 2266 mori.
1577 2199 1727 2266 dum
1759 2197 2158 2268 adnunciant
2191 2201 2415 2294 populo
2446 2221 2573 2269 meo
2595 2224 2817 2271 vanas

667 2224 1095 2392 Jedufflonea'
1186 2294 1284 2380 Et
1334 2308 1574 2388 tamen
1626 2292 1908 2369 admissa
1957 2294 2119 2370 sunt
2163 2298 2324 2373 haec
2369 2302 2459 2375 ab
2505 2299 2632 2393 iis,
2686 2301 2815 2392 qui

650 2398 901 2475 'nostri
939 2397 1096 2470 sunt
1125 2395 1405 2469 fratres.

830 2521 893 2590 3.
934 2497 1073 2570 Sed
1102 2517 1195 2569 ne
1231 2496 1383 2587 quis
1420 2493 1651 2583 dicat,
1688 2514 1807 2567 me
1833 2454 2361 2568 inconsiderate
2388 2516 2518 2570 eos
2556 2497 2815 2572 fratres

616 2591 629 2619 ⁵
665 2600 1077 2692 appellare,
1132 2600 1269 2687 qui
1292 2597 1487 2696 tales
1513 2593 1710 2667 sunt:
1779 2595 1866 2666 ab
1903 2590 2120 2667 Esaiae
2173 2596 2595 2694 prophetae
2600 2601 2813 2670 voci-

668 2698 808 2778 bus
834 2694 1271 2778 exorbitare
1311 2716 1464 2807 non
1512 2681 1905 2787 poffumus.
2008 2695 2361 2843 Quamvis
2406 2695 2473 2769 δι
2509 2696 2611 2778 illi
2651 2717 2812 2771 non
