3200 4784
414 409 477 488 n'n
503 407 894 532 Dorraraanntru
920 353 1170 512 Hsrronrtl
1219 399 1232 412 “’
1258 415 1331 504 38ς

245 573 621 672 ῑῑίεεειὶὶεςανοτιιηῑ.κ
654 574 746 668 Quot
760 570 881 662 omnia
895 570 980 644 ideo
996 570 1145 650 dicenda
1160 565 1261 662 sunt,
1288 581 1331 648 ut

245 679 300 750 r&
324 675 388 748 suo
406 675 544 766 iuditio
566 685 889 761 commoneantur,
915 668 1161 744 dissensionem
1183 671 1329 745 tandem
1384 722 1388 736 .

261 776 473 867 deponere,
500 775 534 844 bt
556 769 766 862 consumpta
788 771 847 842 vel
873 767 1006 859 abiecit
1027 767 1187 842 falsarum
1211 768 1245 840 u
1268 790 1330 840 va·

260 894 389 950 narum
403 870 626 954 animositate
640 870 929 943 criminationum
945 870 1093 963 diligere
1104 865 1331 945 catholicam

293 994 406 1063 atem,
423 972 584 1065 amplecti
600 971 818 1044 indiuiduam
836 968 1155 1058 charitatemrine
1169 987 1236 1057 qua
1251 969 1330 1051 nul·¹

261 995 321 1144 fue
339 1073 521 1146 bominum
538 1075 655 1142 bonus
674 1067 743 1140 else
757 1069 917 1160 poterit,
943 1067 1111 1158 quidquid
1128 1068 1216 1139 boni
1234 1065 1331 1144 allud
1367 1067 1371 1078 “

263 1171 400 1246 hahere
422 1172 596 1262 potuerit.
648 1169 790 1263 Quibus
818 1166 967 1257 peractis
994 1188 1062 1238 nec
1086 1163 1194 1259 ipsam
1220 1162 1332 1238 ceci-

261 1264 349 1344 liani
366 1268 524 1358 causam,
552 1268 743 1358 volumus,
770 1264 950 1349 deserant,
977 1263 1132 1337 sedeam
1154 1284 1230 1336 non
1251 1275 1342 1338 tani

264 1389 371 1460 quam
393 1365 565 1442 Ecclesrae·
580 1367 724 1442 matris,
759 1362 818 1440 sed
838 1381 1003 1454 tanquam
1025 1364 1190 1457 Episcopi
1211 1361 1330 1438 fratria

263 1466 471 1559 suscipiant:
503 1488 551 1539 ne
572 1464 660 1539 srcut
680 1468 809 1536 iterum
834 1463 1040 1535 discutiatur
1064 1460 1237 1548 finienda,
1270 1462 1332 1560 sed

263 1584 309 1640 ut
325 1566 590 1648 demonstretur
608 1566 680 1656 jam
702 1567 789 1635 olim
814 1561 885 1635 else
906 1560 1005 1634 linita
1031 1560 1278 1634 aeclesiasticis
1297 1564 1333 1634 bt

262 1667 418 1761 publicis
442 1665 690 1738 documentis:
716 1681 869 1752 quorum
891 1663 1065 1736 nonnulla
1087 1659 1278 1751 sufficient,
1305 1660 1332 1737 fi

262 1761 340 1855 eis3
374 1785 455 1836 cum
476 1784 496 1837 a
517 1765 623 1836 nobis
645 1760 902 1852 proferuntur,
929 1755 1035 1834 tidem
1056 1763 1187 1834 babere
1206 1765 1333 1838 volue-

248 1865 351 1936 rint.
379 1862 394 1957 [
402 1861 488 1935 Etsi
511 1853 740 1956 noluerint,]
765 1874 941 1950 poterunt
955 1860 1111 1934 archivis
1125 1862 1230 1936 etiam
1245 1879 1334 1933 con·

261 1957 478 2056 'testantibus
493 1957 683 2032 declarariz
704 1962 832 2050 quibus
848 1973 1034 2053 appareat,
1052 1959 1085 2034 bt
1102 1959 1237 2034 causam
1253 1958 1333 2034 Cae·

266 2059 386 2133 cil‘ani
409 2080 474 2132 eor
495 2079 558 2151 per
578 2049 775 2132 Anulinum
792 2056 1050 2134 Proconsulem
1074 2061 1116 2131 ad
1136 2059 1335 2150 Imperato-

263 2179 342 2233 rem
361 2156 632 2232 Constantinum
651 2153 853 2232 accusando
874 2157 1019 2253 misisse,
1046 2155 1248 2233 &eundern
1267 2155 1335 2232 lm·

264 2271 471 2355 potatorem
492 2251 573 2352 post
587 2253 831 2338 Ecclesiastico
850 2255 1004 2349 judicia,
1031 2259 1159 2350 quibus
1176 2251 1335 2338 Caecilia·¹

266 2374 334 2434 nus
358 2357 475 2444 fuerat
489 2355 695 2448 absolutus,
721 2351 860 2430 causam
877 2371 991 2431 totam
1008 2356 1167 2448 partibus
1184 2353 1336 2450 presen-

264 2459 364 2530 tibus
381 2451 615 2553 cognovilse,
641 2468 749 2545 atque
765 2457 1002 2551 innocentem
1020 2452 1269 2545 cecilianum,
1282 2455 1336 2528 jil·
1418 2543 1422 2550 Ι

263 2557 324 2632 los
350 2571 469 2630 autem
499 2551 821 2628 calumniosrlsrmos
845 2553 1044 2643 judicasse,
1084 2552 1214 2626 Felicis
1243 2572 1336 2643 quo-

265 2675 338 2746 que
361 2649 599 2749 Aptungensra
624 2651 844 2724 ordinatoris
870 2649 1049 2724 Caeciliani
1074 2653 1334 2746 innocentiam,

265 2749 416 2828 AEliano
429 2749 649 2828 Proconsule
665 2769 709 2821 ex
726 2764 909 2844 praecepto
928 2751 1086 2842 ejmdem
1103 2749 1336 2843 Imperatorio
1358 2830 1360 2834 Α

269 2850 516 2945 cognoscente
528 2845 707 2936 claruisse,
727 2869 833 2940 quem
845 2849 1018 2924 malorum
1032 2847 1172 2924 sontem
1187 2850 1224 2924 in
1239 2844 1337 2924 Con·

268 2953 356 3024 cilio
379 2943 444 3022 suo
464 2947 525 3043 ipsr
549 2947 728 3023 dixerunt.
786 2949 1022 3046 Quaecunque
1042 2964 1161 3024 autem
1187 2951 1336 3030 crimina

268 3049 487 3144 quibuslibet
505 3048 653 3144 collegis
669 3044 798 3120 nostris
824 3067 900 3120 non
917 3047 992 3140 jam·
1014 3044 1337 3124 moreconsereo'ss

269 3150 361 3222 tium
378 3145 438 3221 vel
457 3141 729 3240 disputantium,
762 3143 821 3220 sed
838 3146 1125 3222 maledicentium
1147 3144 1338 3243 &liti'garr-

268 3251 359 3322 tium
383 3242 583 3337 objicienda
609 3248 841 3339 putaverint,
876 3245 1164 3340 respondendum
1190 3246 1241 3321 est
1268 3250 1335 3341 ela,
1416 3305 1420 3318 ,,

266 3365 343 3434 nec
359 3363 484 3433 eorum
499 3341 617 3418 carrsas
633 3344 677 3436 ad
693 3337 857 3418 Ecclesrae
874 3342 1030 3427 causam,
1048 3367 1153 3438 quam
1167 3363 1264 3419 nunc
1277 3347 1338 3419 de·

269 3443 485 3521 fendendam
500 3445 737 3540 injungimus,
754 3447 954 3536 pertineret
972 3463 1042 3519 nec
1058 3445 1147 3538 ipsas
1164 3457 1284 3537 tamen
1301 3444 1337 3520 el

269 3542 508 3618 discutiendas
522 3541 680 3634 auferri,
715 3537 773 3615 sed
797 3563 866 3638 pro
891 3548 1085 3635 temporis,
1120 3544 1217 3632 quod
1235 3557 1335 3618 nunc

269 3643 398 3734 instat,
423 3637 628 3718 necessitate
651 3635 805 3715 differri:
836 3653 896 3727 ut,
922 3659 1003 3716 cum
1027 3636 1192 3714 Eccrefiae
1218 3639 1335 3739 causa,

272 3761 377 3834 quam
399 3761 498 3816 nunc
516 3736 801 3815 clementilsrmur
822 3741 1020 3832 imperator
1048 3736 1336 3826 cognoscendam

272 3839 308 3914 e
326 3839 635 3919 demonstrandam
650 3841 790 3913 recenti
808 3844 1051 3932 preceptione
1072 3840 1249 3932 curavit,·
1261 3834 1336 3916 sue-

271 3942 322 4012 rit
335 3942 546 4032 terminata,
570 3956 792 4032 quecunque
810 3941 1081 4031 quibuscunque
1096 3935 1227 4013 nostrie
1244 3937 1338 4033 obji-

275 4037 663 4132 tiendqarbitrantur,
696 4039 905 4140 apud-quos
929 4035 1115 4122 voluerint
1140 4033 1279 4132 iudicet
1301 4040 1387 4111 tr.»

245 4155 248 4160 ·
325 4135 535 4238 (tyrow
553 4139 685 4219 fund.
887 4131 981 4220 Bb·
1156 4132 1321 4238 nebrot
