3200 4784
518 451 706 517 nu

693 599 1178 703 Quominus
1229 600 1475 683 etiam
1516 594 1826 685 scholas
1864 598 2099 685 urbis
2137 600 2511 713 publicas
2547 606 2662 689 in-

520 714 891 818 viserem,
925 714 1290 829 angustia
1324 716 1721 824 temporis
1757 715 1962 812 mihi
1996 716 2150 799 alio
2180 723 2663 832 properanti

522 830 887 948 praefixi,
964 832 1051 917 &
1102 826 1443 912 aliarum
1503 824 1779 913 adhuc
1837 827 2361 916 visendarum
2418 837 2662 944 copia

520 943 994 1059 prohibitus
1032 941 1237 1027 sum.
1296 940 1435 1027 Ne
1468 962 1763 1045 tamen,
1798 943 2080 1057 quales
2111 943 2287 1049 fint‚
2312 952 2657 1034 omnino

521 1058 913 1145 nescirem
940 1118 964 1159 ‚
1058 1059 1272 1142 cavit
1345 1052 1478 1141 Cl.
1542 1056 2166 1144 Neuendorfius
2200 1118 2225 1161 ,
2300 1057 2659 1147 monens

517 1199 701 1259 rem
735 1172 1007 1259 adhuc
1036 1175 1121 1257 in
1151 1167 1619 1281 primordiis
1654 1168 1972 1273 versari,
2006 1172 2091 1257 &
2113 1191 2658 1286 programma

520 1284 881 1374 offerens
924 1346 950 1388 ,
1046 1311 1220 1399 quo
1270 1287 1550 1369 'omnis
1625 1284 1969 1370 Instituti
2040 1292 2495 1375 oeconomia
2566 1293 2656 1380 &

519 1404 751 1514 cepti·
774 1399 1081 1487 consilii
1116 1402 1365 1483 totius
1400 1401 1600 1482 ratio
1641 1404 2112 1486 continetur
2143 1402 2248 1513 ³¹³).

683 1537 946 1621 Pauca
976 1534 1111 1618 vel
1150 1531 1347 1618 nibil
1394 1531 1529 1617 hic
1575 1530 2105 1620 desiderabis:
2143 1549 2335 1624 'tam
2374 1540 2657 1625 omnia

515 1675 828 1737 naturae
869 1648 1232 1733 hominis
1286 1649 1371 1734 ὃ(
1428 1648 1701 1732 civicae
1750 1646 2142 1750 societati,
2202 1654 2332 1736 cui
2370 1650 2657 1761 juven·

516 1788 654 1851 tus
707 1761 1143 1863 educatur,
1228 1765 1596 1873 apprime
1646 1786 2094 1877 congrunt.
2225 1766 2454 1850 Mire
2489 1764 2654 1880 pla·

513 1882 685 1967 cuit
711 1878 1112 1988 Principis
1161 1874 1640 1987 rescriptum
1676 1882 2267 1988 programmati
2302 1877 2654 1991 praemis-

515 1991 738 2093 sum,
799 2020 974 2107 quo
1028 2009 1208 2075 rem
1255 2016 1593 2075 omnem
1631 1991 2038 2100 approbat
2074 1992 2160 2077 &
2195 1992 2331 2079 sua
2368 1990 2649 2079 aucto-

508 2109 1084 2207 ritate,munit.
1219 2106 1495 2189 Mixta
1543 2104 1657 2189 est
1702 2103 1813 2190 ibi
1862 2102 2256 2191 modestia
2362 2104 2650 2194 hiloso·

508 2222 656 2334 phi
695 2219 796 2305 de
833 2219 1166 2331 publico
1192 2245 1444 2328 opere
1469 2218 1570 2303 ab
1601 2218 1773 2303 aliis
1801 2216 2165 2330 suscepto
2186 2220 2276 2331 ju
2344 2225 2648 2323 icanti3‚

509 2363 708 2421 cum
742 2338 1130 2460 gravitate
1157 2332 1550 2447 Principis
1585 2333 2141 2443 approbanti5‚
2178 2334 2409 2449 quod
2438 2340 2657 2449 opti-

507 2451 904 2537 mum'est
938 2446 1242 2547 visum,
1304 2447 1389 2533 &
1424 2450 1890 2535 executioni
1922 2448 2417 2538 mandantis-

678 2582 961 2674 Edidit
975 2578 1606 2669 Neuendorfius
1640 2578 1857 2666 aliud
1888 2606 2447 2697 programma,
2470 2609 2649 2696 quo

422 2801 429 2808 1
505 2699 759 2831 etiam·
782 2695 1077 2807 puellis
1121 2698 1472 2807 privatas
1521 2692 1696 2827 suas
1732 2693 2037 2802 scholas
2087 2696 2484 2828 dedicatas
2527 2701 2642 2783 in-
