3200 4784
1104 373 1319 496 'nexu

239 576 457 677 naturam,
483 570 614 661 finon
630 566 715 686 jam·
729 571 957 685 attingunt,
975 596 1102 687 quam
1124 577 1317 689 proxime
1380 671 1383 682 ,

237 692 437 792 accedere
455 691 621 776 aestim0.

197 825 200 830 ’
323 802 546 910 Quosdam
561 800 645 914 ipse
671 796 943 916 collegeram3
972 823 1133 914 partem
1154 799 1318 889 Musaeo
1388 849 1392 859 ·

237 923 327 1008 viri
342 922 511 1034 optimi,
545 922 619 1030 qui
639 916 787 1002 talibus
810 914 1060 1017 obnitatur,
1091 914 1313 1006 munuscu-

224 1035 336 1122 lum
354 1029 580 1132 levidense,
612 1030 756 1131 intuli,
790 1056 877 1143 quo
895 1058 964 1115 me
979 1033 1317 1144 peregrinantem

246 1177 420 1264 quoque
456 1140 515 1232 sui
548 1141 627 1230 elle
657 1170 890 1229 memorem
922 1148 1114 1230 testarer:
1157 1170 1318 1256 partem

241 1264 348 1350 mihi
365 1268 585 1374 patrioque
602 1283 748 1344 rerum
766 1256 1013 1367 naturalium
1031 1257 1318 1373 gazophilacio

242 1379 504 1465 destinaram.
573 1372 656 1458 Sed
683 1371 789 1457 male
818 1367 1020 1474 senatus,
1048 1368 1317 1488 nescioquis,

239 1489 478 1578 inconsulto
506 1490 549 1575 δι
575 1486 702 1572 inscio
726 1487 829 1571 mihi
852 1488 1189 1597 intempestivum
1217 1514 1319 1600 prae·

242 1607 341 1693 stitit
368 1604 581 1704 officium,
611 1628 678 1705 ut,
710 1628 807 1686 cum
831 1596 916 1709 jam
940 1624 1075 1714 prope
1097 1599 1225 1687 domo
1250 1601 1318 1688 ab·

242 1719 390 1822 ollem,
407 1714 635 1803 leviusculo
651 1716 733 1800 hoc
751 1741 877 1799 onere
896 1709 1289 1803 rhedam-liberaret.

271 1885 274 1892 ·
330 1835 412 1919 Via
430 1831 615 1944 publicai
640 1855 744 1914 mox
759 1823 833 1913 ubi
849 1825 958 1936 recia
976 1823 1213 1938 Delsavium
1234 1857 1319 1916 ten·

203 1965 212 2026 t
246 1941 339 2048 dit,
378 1969 462 2029 tam
489 1946 596 2030 bene
620 1947 736 2028 strata
763 1941 847 2044 est,
890 1965 1059 2056 tamque
1085 1946 1317 2049 commoda,

208 2139 216 2158 ,
245 2085 294 2148 ut
310 2063 441 2172 Appii
461 2057 673 2167 cujusdam
689 2056 847 2142 Aedilis
866 2082 973 2169 opus
991 2055 1195 2145 crederes,
1231 2063 1320 2152 Du·

246 2173 342 2288 plici
361 2173 563 2270 arborum
583 2170 726 2258 ordine
743 2176 940 2283 utrinque
957 2174 1014 2258 est
1031 2169 1204 2273 confite,
1229 2199 1320 2290 gra·

247 2312 333 2374 tam
353 2285 495 2373 datura
513 2288 709 2372 umbram
723 2285 965 2370 viatoribus.
1026 2283 1134 2371 Sunt
1150 2282 1321 2374 arbores

248 2406 371 2514 mites
409 2403 452 2487 &
483 2394 692 2513 frugiferae
732 2402 858 2485 mistae
896 2398 1174 2513 filvesttibus3
1216 2400 1321 2486 adeo

249 2521 370 2604 etiam
386 2511 453 2601 hic
470 2540 550 2627 pro
568 2511 710 2626 regula
727 2510 827 2600 fuit:
850 2539 976 2600 omne
993 2511 1084 2599 tulit
1099 2510 1319 2625 punctum,

250 2629 324 2746 qui
344 2627 504 2715 miscuit
520 2625 620 2714 utile
638 2625 761 2715 dulci.
821 2626 962 2713 Multa
980 2627 1053 2712 has
1078 2630 1182 2709 inter
1198 2623 1320 2739 plata·

217 2795 221 2802 -
249 2769 358 2843 nus,
390 2738 598 2829 insolitum
624 2741 717 2828 alias
745 2746 787 2836 in
810 2741 1033 2827 Germania
1057 2740 1219 2828 viarum
1244 2769 1319 2857 pu·

248 2853 454 2946 blicarum
470 2855 512 2942 a
527 2851 821 2941 umbraculum
839 2856 881 2939 8<
899 2878 1207 2942 ornamentum.

211 2961 218 3088 p
306 2969 444 3057 Docta
468 2972 525 3054 est
552 2970 640 3054 haec
666 2973 731 3054 uia
755 2965 919 3081 publica
944 2993 1020 3083 per
1041 2969 1226 3056 medium
1253 2994 1321 3056 ne·

209 3108 374 3192 fmus:
413 3081 512 3168 Nec
536 3081 617 3170 hoc
642 3078 722 3167 fine
747 3109 895 3169 ornatu
921 3078 999 3169 elie
1025 3088 1179 3197 patitur
1206 3085 1318 3173 Prin·

202 3229 214 3306 ε
248 3225 348 3310 ceps
367 3201 563 3309 optimus.
623 3199 815 3301 Novam,
847 3224 945 3284 cum
962 3197 1060 3285 illuc
1077 3202 1205 3304 item,
1231 3195 1320 3284 fere

247 3316 292 3406 in
329 3316 510 3410 nemoris
547 3314 748 3414 introita,
790 3315 954 3399 excitari
983 3306 1179 3399 fabricam
1212 3315 1319 3414 vidi,

249 3419 676 3538 formaepulchraead
699 3428 824 3510 nostri
849 3430 924 3512 aevi
947 3428 1166 3513 meliorem
1191 3427 1320 3510 archi·

218 3613 222 3624 ,
250 3537 478 3637 tetluram‚
510 3535 693 3624 futuram
719 3563 826 3650 puto
853 3539 1030 3655 Pri<neipi
1056 3543 1222 3628 venanti
1249 3561 1321 3624 aut

251 3645 477 3740 triclinium
492 3664 563 3736 aut
585 3652 900 3757 umbraculum,
933 3648 1203 3741 &secessum
1272 3652 1319 3737 ln

203 3825 207 3878 ÷
249 3765 393 3855 medio
419 3790 610 3864 nemore,
633 3783 711 3849 'aut
736 3762 819 3878 jam
846 3761 930 3851 fere
959 3763 1186 3866 desinente,
1223 3765 1318 3854 alias

203 3881 219 3894 ''
251 3884 360 3970 aedes
385 3877 546 3981 transii,
578 3880 758 4082 antipae
793 3904 845 3964 ex
873 3876 1014 3967 medio
1038 3904 1127 3970 avo
1157 3877 1318 3986 formae,

252 4019 358 4111 quae
382 3991 572 4088 sacellum
590 4020 657 4083 cre
688 4016 798 4095 eres,
825 3998 973 4105 partim
989 3996 1187 4086 vetustate
1205 3994 1319 4083 colla·

756 4131 779 4195 c
811 4134 834 4195 2
1063 4159 1069 4176 x
1129 4108 1368 4269 plumu-
