3200 4784
279 469 290 478 .
379 385 1174 507 ‘neDousrrsraauuHrsrottra,
1260 383 1331 503 asp,

225 643 229 648 .
262 555 434 660 monet'e,
459 589 502 648 ut
517 595 643 648 omnes
659 573 735 664 ejus
750 571 1065 662 communionem,
1086 579 1217 662 utpote
1236 569 1330 644 dam·

223 679 228 686 ’
260 683 359 772 arati,
384 677 545 772 dilig-enti
571 693 656 746 cura
680 673 864 744 horreant.
915 668 992 761 Ipse
1014 671 1108 740 enim
1134 663 1177 740 de
1195 668 1257 740 suo
1278 672 1330 742 in·

263 783 375 854 reritu
393 767 572 850 rationem
595 771 743 859 reddet,
779 772 839 859 qui
859 769 932 842 hoc
949 767 1111 842 nostrum
1129 767 1330 844 Decretum

261 902 340 954 non
359 874 537 950 audiendo
555 873 751 948 tentaverit
770 870 919 942 violare.
1348 897 1352 906 ·

338 977 476 1048 Placuit
492 971 572 1046 sane
591 971 698 1044 nobis
719 967 914 1061 &Spiritui
933 965 1087 1060 sanilo,
1121 965 1218 1058 quod
1240 982 1330 1044 tern-

265 1098 333 1172 pus
357 1074 466 1147 tardis
488 1074 532 1144 ad
559 1070 848 1144 convertendum
870 1065 1075 1164 reservetur
1101 1066 1162 1140 sub
1188 1090 1255 1158 eo,
1290 1085 1331 1143 ut

267 1179 470 1267 quicunque
486 1167 785 1244 consacerdotum
802 1168 863 1238 vel
880 1167 1103 1240 Clericorum
1123 1167 1189 1264 suae
1212 1166 1331 1241 salutis

264 1275 493 1347 immemores
512 1293 530 1341 a
547 1271 603 1341 die
623 1268 858 1340 damnationis
881 1265 1065 1357 supradicti
1085 1266 1271 1356 Primiani‚
1295 1268 1331 1340 id

267 1374 331 1464 est,
354 1373 445 1444 adie
463 1391 546 1442 vtrr.
560 1365 795 1439 Calendarum
817 1366 1011 1456 luliarum,
1040 1368 1213 1456 usquead
1236 1368 1330 1440 diem

266 1493 350 1547 vau.
365 1469 601 1542 Calendarum
616 1468 871 1559 Juniariarum‚
890 1466 1004 1538 minus
1021 1485 1040 1534 a
1056 1464 1220 1542 Primiani
1237 1467 1334 1538 darn.

265 1578 341 1647 nati
367 1568 624 1643 communione
650 1563 857 1638 recesserint
879 1567 938 1635 tali
959 1562 1135 1636 sententia
1160 1563 1333 1637 constrin-

266 1687 413 1767 gantur:
439 1670 536 1741 Laici
555 1686 700 1757 quoque
720 1666 778 1736 nist
799 1661 834 1736 se
856 1686 875 1735 a
894 1661 1092 1756 supradicio
1116 1664 1173 1736 die
1193 1665 1333 1738 damna·-

267 1772 379 1862 tionis
396 1769 486 1838 iliius
508 1768 602 1837 intra
627 1766 724 1834 dnm
737 1761 875 1834 Paschae
890 1761 1019 1834 futurae
1035 1764 1078 1836 ab
1096 1765 1171 1854 ejus
1188 1764 1334 1837 consor·
1357 1787 1361 1792 ·

270 1869 325 1937 tio'
342 1865 597 1958 separaverint‚
614 1884 692 1964 nou¹
705 1862 805 1956 polle
822 1881 1046 1951 quemquam,
1065 1865 1127 1966 nisi
1145 1883 1208 1953 per
1223 1866 1334 1954 poeni·

270 1967 440 2056 tentiam,
461 1963 627 2054 fiquidem
645 1963 894 2053 meminerint,
914 1958 1080 2034 Ecclesiae
1097 1963 1296 2036 reformari.

344 2061 552 2136 Victorinus
584 2061 871 2146 Munacianensrs
906 2059 1108 2152 Episcopus·
1138 2061 1333 2152 subscripsi.

272 2161 493 2238 Fortunatus
514 2159 800 2251 Dionysianenfis
818 2155 1015 2253 Episcopus
1037 2162 1226 2252 sublcripsr.
1267 2164 1335 2235 Vi·

272 2263 451 2337 dotianus
468 2255 760 2332 'Carcabianensrs
782 2255 980 2353 Episcopus
1003 2258 1190 2353 subscripsi.
1241 2262 1335 2356 Mig-

268 2364 373 2458 ginus
394 2363 436 2433 ab
457 2357 707 2452 Elephantaria
726 2356 923 2451 Episcopus
940 2357 1130 2455 subscripsi.
1182 2359 1335 2431 Floren-

270 2464 341 2533 tius
359 2463 402 2532 ab
419 2459 621 2532 Adrumeto
638 2455 834 2548 Episcopus
855 2456 1044 2549 subscripsi.
1097 2459 1334 2530 Innocentius

270 2555 519 2632 Thebaitensrs
537 2553 734 2649 Episcopus
753 2554 943 2649 subscripsr.
1003 2557 1141 2651 Miggin
1163 2576 1231 2649 pro
1251 2555 1337 2630 Col·

269 2661 348 2753 lega
371 2677 454 2732 meo
474 2654 596 2748 Saluio
616 2652 909 2732 Membrelsrtano
931 2651 1115 2749 Episcopo
1142 2653 1335 2749 subscrips.
1379 2659 1381 2664 ’

234 2837 238 2844 ,
270 2758 412 2829 Salvius
424 2750 624 2853 Ausasensrs
640 2749 839 2843 Episcopus
854 2750 1054 2848 subscripsr.·
1077 2747 1264 2838 ,Donatus
1276 2755 1336 2830 Sa·

271 2849 444 2929 bratensrs
464 2849 662 2943 Episcopus
685 2848 874 2944 subscripsi.
927 2849 1110 2938 Gemelius
1130 2850 1344 2942 aTambels,

271 2951 472 3046 Episcopus
492 2947 680 3042 subscripsi.
732 2947 965 3036 Praetextatus
989 2946 1209 3040 Alluritanus
1236 2952 1338 3047 Epis·

276 3072 390 3145 copus
405 3049 594 3142 subscripsi.
647 3047 885 3128 Maximianus
904 3049 1120 3126 Stavatensrs
1138 3049 1337 3147 Episcopus

273 3151 466 3243 subscripsi.
493 3149 664 3221 Datianus
676 3145 924 3241 Camicetcnsrs
936 3146 1134 3245 Episcopus
1146 3152 1335 3245 subscripsi.

272 3252 443 3325 Donatus
460 3243 685 3321 Fiscianensis
705 3245 901 3340 Episcopus
921 3247 1111 3344 subscripsi.
1162 3252 1341 3326 Theodo-

274 3369 335 3422 rus
356 3345 535 3421 Usulensrs
554 3341 754 3442 Episcopus
777 3345 967 3440 subscrips.
1027 3351 1261 3424 Victorianus
1283 3354 1337 3443 ju·

273 3451 385 3523 bente
408 3445 557 3542 Collega
578 3443 739 3540 Agnosro
761 3443 943 3539 Episcopo
972 3442 1162 3541 subscrips.
1215 3450 1338 3522 Dona·

275 3564 334 3622 tus
347 3543 596 3619 Cebrisetanus
611 3543 810 3638 Episcopus
824 3545 1012 3639 subscripsi.
1048 3547 1340 3622 NatalicusThe·

276 3647 380 3720 lensrs
398 3641 597 3739 Episcopus
617 3638 806 3736 subscripsi.
845 3645 1066 3739 Pomponius
1085 3649 1339 3730 Macrianensrs

276 3743 478 3838 Episcopus
494 3738 686 3835 subscripsi.
737 3743 942 3818 Pancratiua
963 3744 1175 3820 Balianensrs
1196 3745 1341 3838 Episcoe

277 3864 345 3938 pus
368 3839 558 3937 subscripsi.
609 3839 792 3934 januarius
812 3840 1030 3933 Aquenensrs
1047 3841 1243 3938 Episcopus
1261 3843 1338 3920 sub·

269 3942 404 4044 ‚scripu
431 3939 615 4015 Secundus
628 3937 920 4034 Jocundianenlls
934 3941 1135 4036 Episcopus
1148 3945 1338 4039 subscripi.

276 4039 451 4118 Pascasrus
468 4039 593 4115 aVico
608 4037 757 4136 Augusti
767 4039 965 4139 Episcopus
978 4038 1166 4141 supscripsr.
1195 4043 1340 4118 Cresco·

330 4137 540 4240 Optatidfrl
560 4140 697 4218 Tarus.
764 4257 768 4270 „
926 4135 959 4214 R
1213 4148 1293 4217 niue
