<?xml version="1.0" encoding="UTF-8"?>
<!DOCTYPE html PUBLIC "-//W3C//DTD XHTML 1.0 Transitional//EN"
    "http://www.w3.org/TR/xhtml1/DTD/xhtml1-transitional.dtd">
<html xmlns="http://www.w3.org/1999/xhtml" xml:lang="en" lang="en">
 <head>
  <title>
</title>
<meta http-equiv="Content-Type" content="text/html;charset=utf-8" />
  <meta name='ocr-system' content='tesseract 3.04.00' />
  <meta name='ocr-capabilities' content='ocr_page ocr_carea ocr_par ocr_line ocrx_word'/>
</head>
<body>
  <div class='ocr_page' id='page_1' title='image "./operaomniasanct06librgoog_0144.png"; bbox 0 0 3200 4784; ppageno 0'>
   <div class='ocr_carea' id='block_1_1' title="bbox 508 383 1930 478">
    <p class='ocr_par' dir='ltr' id='par_1_1' title="bbox 508 383 1930 478">
     <span class='ocr_line' id='line_1_1' title="bbox 508 383 1930 478; baseline 0.005 -19"><span class='ocrx_word' id='word_1_1' title='bbox 508 401 602 478; x_wconf 73' lang='lat'>33</span> <span class='ocrx_word' id='word_1_2' title='bbox 1229 383 1618 462; x_wconf 65' lang='lat' dir='ltr'>Ora-Am</span> <span class='ocrx_word' id='word_1_3' title='bbox 1689 385 1930 467; x_wconf 53' lang='lat' dir='ltr'>Atqu</span> 
     </span>
    </p>
   </div>
   <div class='ocr_carea' id='block_1_2' title="bbox 381 535 2704 2233">
    <p class='ocr_par' dir='ltr' id='par_1_2' title="bbox 381 535 2704 2233">
     <span class='ocr_line' id='line_1_2' title="bbox 512 535 2648 644; baseline -0.004 -16"><span class='ocrx_word' id='word_1_4' title='bbox 512 554 659 629; x_wconf 83' lang='lat' dir='ltr'>Dei</span> <span class='ocrx_word' id='word_1_5' title='bbox 704 549 845 626; x_wconf 86' lang='lat' dir='ltr'>esse</span> <span class='ocrx_word' id='word_1_6' title='bbox 881 563 1293 622; x_wconf 82' lang='lat' dir='ltr'>venturum.</span> <span class='ocrx_word' id='word_1_7' title='bbox 1403 546 1624 638; x_wconf 85' lang='lat' dir='ltr'>Cujus</span> <span class='ocrx_word' id='word_1_8' title='bbox 1660 550 1883 644; x_wconf 70' lang='lat' dir='ltr'>verba</span> <span class='ocrx_word' id='word_1_9' title='bbox 1919 548 2072 622; x_wconf 83' lang='lat' dir='ltr'>haec</span> <span class='ocrx_word' id='word_1_10' title='bbox 2101 535 2319 623; x_wconf 48' lang='lat' dir='ltr'>sunta*</span> <span class='ocrx_word' id='word_1_11' title='bbox 2359 547 2508 619; x_wconf 76' lang='lat' dir='ltr'>Ecce</span> <span class='ocrx_word' id='word_1_12' title='bbox 2537 571 2648 620; x_wconf 83' lang='lat' dir='ltr'>ve-</span> 
     </span>
     <span class='ocr_line' id='line_1_3' title="bbox 516 645 2649 747; baseline -0.002 -21"><span class='ocrx_word' id='word_1_13' title='bbox 516 661 699 744; x_wconf 81' lang='lat' dir='ltr'>m‘t‚.</span> <span class='ocrx_word' id='word_1_14' title='bbox 740 659 851 747; x_wconf 81' lang='lat' dir='ltr'>qui</span> <span class='ocrx_word' id='word_1_15' title='bbox 897 651 1009 718; x_wconf 71' lang='lat' dir='ltr'>vv&#39;s</span> <span class='ocrx_word' id='word_1_16' title='bbox 1056 648 1367 743; x_wconf 75' lang='lat' dir='ltr'>baptizat.</span> <span class='ocrx_word' id='word_1_17' title='bbox 1490 645 1589 718; x_wconf 89' lang='lat' dir='ltr'>Et</span> <span class='ocrx_word' id='word_1_18' title='bbox 1639 664 1880 721; x_wconf 72' lang='lat' dir='ltr'>tamen</span> <span class='ocrx_word' id='word_1_19' title='bbox 1929 669 2082 720; x_wconf 86' lang='lat' dir='ltr'>non</span> <span class='ocrx_word' id='word_1_20' title='bbox 2133 650 2430 744; x_wconf 76' lang='lat' dir='ltr'>legimus</span> <span class='ocrx_word' id='word_1_21' title='bbox 2481 646 2649 741; x_wconf 86' lang='lat' dir='ltr'>post</span> 
     </span>
     <span class='ocr_line' id='line_1_4' title="bbox 516 745 2645 850; baseline -0.001 -25"><span class='ocrx_word' id='word_1_22' title='bbox 516 755 871 850; x_wconf 82' lang='lat' dir='ltr'>Joannem</span> <span class='ocrx_word' id='word_1_23' title='bbox 922 747 1271 820; x_wconf 84' lang='lat' dir='ltr'>Christum</span> <span class='ocrx_word' id='word_1_24' title='bbox 1331 749 1634 837; x_wconf 76' lang='lat' dir='ltr'>aliquem</span> <span class='ocrx_word' id='word_1_25' title='bbox 1685 745 2089 838; x_wconf 68' lang='lat' dir='ltr'>baptizasse.</span> <span class='ocrx_word' id='word_1_26' title='bbox 2193 749 2417 843; x_wconf 85' lang='lat' dir='ltr'>Quod</span> <span class='ocrx_word' id='word_1_27' title='bbox 2467 769 2645 844; x_wconf 85' lang='lat' dir='ltr'>ergo</span> 
     </span>
     <span class='ocr_line' id='line_1_5' title="bbox 522 845 2650 944; baseline -0.002 -19"><span class='ocrx_word' id='word_1_28' title='bbox 522 854 744 941; x_wconf 84' lang='lat' dir='ltr'><strong>dixit,</strong></span> <span class='ocrx_word' id='word_1_29' title='bbox 802 854 940 941; x_wconf 76' lang='lat' dir='ltr'>Qui</span> <span class='ocrx_word' id='word_1_30' title='bbox 962 874 1073 917; x_wconf 79' lang='lat' dir='ltr'>vos</span> <span class='ocrx_word' id='word_1_31' title='bbox 1107 849 1438 944; x_wconf 73' lang='lat' dir='ltr'>baptizat,</span> <span class='ocrx_word' id='word_1_32' title='bbox 1484 849 1786 920; x_wconf 80' lang='lat' dir='ltr'>veniens</span> <span class='ocrx_word' id='word_1_33' title='bbox 1814 845 2127 920; x_wconf 84' lang='lat' dir='ltr'>Christus</span> <span class='ocrx_word' id='word_1_34' title='bbox 2153 848 2282 918; x_wconf 85' lang='lat' dir='ltr'>illo</span> <span class='ocrx_word' id='word_1_35' title='bbox 2318 863 2650 938; x_wconf 83' lang='lat' dir='ltr'>tempore</span> 
     </span>
     <span class='ocr_line' id='line_1_6' title="bbox 521 945 2651 1046; baseline -0.002 -24"><span class='ocrx_word' id='word_1_36' title='bbox 521 949 689 1046; x_wconf 87' lang='lat' dir='ltr'>post</span> <span class='ocrx_word' id='word_1_37' title='bbox 717 951 1065 1044; x_wconf 76' lang='lat' dir='ltr'>joannem</span> <span class='ocrx_word' id='word_1_38' title='bbox 1104 949 1339 1022; x_wconf 87' lang='lat' dir='ltr'>tinxit.</span> <span class='ocrx_word' id='word_1_39' title='bbox 1405 945 1822 1022; x_wconf 84' lang='lat' dir='ltr'>Promiss&#39;um</span> <span class='ocrx_word' id='word_1_40' title='bbox 1856 963 2010 1018; x_wconf 82' lang='lat' dir='ltr'>erat</span> <span class='ocrx_word' id='word_1_41' title='bbox 2040 945 2488 1039; x_wconf 82' lang='lat' dir='ltr'>temporibus</span> <span class='ocrx_word' id='word_1_42' title='bbox 2516 967 2651 1018; x_wconf 86' lang='lat' dir='ltr'>no-</span> 
     </span>
     <span class='ocr_line' id='line_1_7' title="bbox 522 1043 2655 1140; baseline -0.002 -17"><span class='ocrx_word' id='word_1_43' title='bbox 522 1050 681 1125; x_wconf 87' lang='lat' dir='ltr'>stris</span> <span class='ocrx_word' id='word_1_44' title='bbox 700 1103 725 1139; x_wconf 84' lang='lat'>‚</span> <span class='ocrx_word' id='word_1_45' title='bbox 757 1064 836 1120; x_wconf 88' lang='lat' dir='ltr'>ut</span> <span class='ocrx_word' id='word_1_46' title='bbox 860 1046 1006 1140; x_wconf 89' lang='lat' dir='ltr'>ipse</span> <span class='ocrx_word' id='word_1_47' title='bbox 1032 1047 1274 1138; x_wconf 84' lang='lat' dir='ltr'>daret,</span> <span class='ocrx_word' id='word_1_48' title='bbox 1308 1047 1503 1138; x_wconf 88' lang='lat' dir='ltr'>quod</span> <span class='ocrx_word' id='word_1_49' title='bbox 1526 1047 1746 1119; x_wconf 84' lang='lat' dir='ltr'>hodie</span> <span class='ocrx_word' id='word_1_50' title='bbox 1767 1047 2004 1118; x_wconf 83' lang='lat' dir='ltr'>datur:</span> <span class='ocrx_word' id='word_1_51' title='bbox 2043 1043 2424 1120; x_wconf 85' lang='lat' dir='ltr'>secundum</span> <span class='ocrx_word' id='word_1_52' title='bbox 2453 1045 2655 1136; x_wconf 88' lang='lat' dir='ltr'>quod</span> 
     </span>
     <span class='ocr_line' id='line_1_8' title="bbox 512 1146 2704 1243; baseline -0.004 -20"><span class='ocrx_word' id='word_1_53' title='bbox 512 1152 662 1223; x_wconf 69' lang='lat' dir='ltr'>&#39;nite</span> <span class='ocrx_word' id='word_1_54' title='bbox 700 1155 942 1242; x_wconf 79' lang='lat' dir='ltr'><em>Aquam</em></span> <span class='ocrx_word' id='word_1_55' title='bbox 970 1172 1154 1242; x_wconf 77' lang='lat' dir='ltr'>quam</span> <span class='ocrx_word' id='word_1_56' title='bbox 1183 1171 1280 1240; x_wconf 80' lang='lat' dir='ltr'>ego</span> <span class='ocrx_word' id='word_1_57' title='bbox 1311 1153 1407 1236; x_wconf 80' lang='lat' dir='ltr'>do,</span> <span class='ocrx_word' id='word_1_58' title='bbox 1436 1153 1543 1243; x_wconf 74' lang='lat' dir='ltr'>qui</span> <span class='ocrx_word' id='word_1_59' title='bbox 1574 1147 1824 1229; x_wconf 76' lang='lat' dir='ltr'>biberit,</span> <span class='ocrx_word' id='word_1_60' title='bbox 1855 1172 1988 1216; x_wconf 82' lang='lat' dir='ltr'>non</span> <span class='ocrx_word' id='word_1_61' title='bbox 2014 1146 2186 1239; x_wconf 74' lang='lat' dir='ltr'>fin‘et</span> <span class='ocrx_word' id='word_1_62' title='bbox 2219 1153 2290 1214; x_wconf 77' lang='lat' dir='ltr'>in</span> <span class='ocrx_word' id='word_1_63' title='bbox 2319 1165 2653 1225; x_wconf 72' lang='lat' dir='ltr'>aternum.</span> <span class='ocrx_word' id='word_1_64' title='bbox 2697 1217 2704 1222; x_wconf 74' lang='grc'>,</span> 
     </span>
     <span class='ocr_line' id='line_1_9' title="bbox 524 1243 2657 1341; baseline -0.002 -21"><span class='ocrx_word' id='word_1_65' title='bbox 524 1247 718 1324; x_wconf 84' lang='lat' dir='ltr'>Nam</span> <span class='ocrx_word' id='word_1_66' title='bbox 753 1249 817 1318; x_wconf 74' lang='grc' dir='ltr'>δι</span> <span class='ocrx_word' id='word_1_67' title='bbox 855 1244 1171 1338; x_wconf 90' lang='lat' dir='ltr'>discipuli</span> <span class='ocrx_word' id='word_1_68' title='bbox 1198 1247 1532 1341; x_wconf 82' lang='lat' dir='ltr'>joannis,</span> <span class='ocrx_word' id='word_1_69' title='bbox 1574 1267 1738 1319; x_wconf 87' lang='lat' dir='ltr'>cum</span> <span class='ocrx_word' id='word_1_70' title='bbox 1773 1243 2094 1321; x_wconf 81' lang='lat' dir='ltr'>dicerent</span> <span class='ocrx_word' id='word_1_71' title='bbox 2119 1243 2446 1340; x_wconf 83' lang='lat' dir='ltr'>magi-stro</span> <span class='ocrx_word' id='word_1_72' title='bbox 2481 1244 2657 1334; x_wconf 87' lang='lat' dir='ltr'>su0;</span> 
     </span>
     <span class='ocr_line' id='line_1_10' title="bbox 528 1341 2657 1444; baseline 0 -28"><span class='ocrx_word' id='word_1_73' title='bbox 528 1351 688 1424; x_wconf 83' lang='lat' dir='ltr'>Ecce</span> <span class='ocrx_word' id='word_1_74' title='bbox 714 1369 890 1444; x_wconf 83' lang='lat' dir='ltr'>quem</span> <span class='ocrx_word' id='word_1_75' title='bbox 914 1347 1245 1442; x_wconf 63' lang='lat' dir='ltr'>baptizali:</span> <span class='ocrx_word' id='word_1_76' title='bbox 1268 1398 1288 1432; x_wconf 88' lang='lat'><strong>,</strong></span> <span class='ocrx_word' id='word_1_77' title='bbox 1322 1341 1659 1440; x_wconf 73' lang='lat' dir='ltr'>baptaexat?</span> <span class='ocrx_word' id='word_1_78' title='bbox 1720 1345 2135 1438; x_wconf 80' lang='lat' dir='ltr'>Baptizabat</span> <span class='ocrx_word' id='word_1_79' title='bbox 2169 1346 2490 1436; x_wconf 83' lang='lat' dir='ltr'>quidem,</span> <span class='ocrx_word' id='word_1_80' title='bbox 2535 1344 2657 1417; x_wconf 89' lang='lat' dir='ltr'>sed</span> 
     </span>
     <span class='ocr_line' id='line_1_11' title="bbox 381 1445 2657 1542; baseline -0.001 -22"><span class='ocrx_word' id='word_1_81' title='bbox 381 1510 388 1520; x_wconf 83' lang='lat'><strong>.</strong></span> <span class='ocrx_word' id='word_1_82' title='bbox 528 1469 661 1542; x_wconf 85' lang='lat' dir='ltr'>per</span> <span class='ocrx_word' id='word_1_83' title='bbox 711 1467 957 1521; x_wconf 83' lang='lat' dir='ltr'>tna-nus</span> <span class='ocrx_word' id='word_1_84' title='bbox 1008 1445 1529 1538; x_wconf 86' lang='lat' dir='ltr'>Apostolorum</span> <span class='ocrx_word' id='word_1_85' title='bbox 1562 1499 1612 1538; x_wconf 30' lang='lat'>‚⁴</span> <span class='ocrx_word' id='word_1_86' title='bbox 1664 1447 1920 1536; x_wconf 72' lang='lat' dir='ltr'>quibus</span> <span class='ocrx_word' id='word_1_87' title='bbox 1973 1448 2168 1540; x_wconf 85' lang='lat' dir='ltr'>leges</span> <span class='ocrx_word' id='word_1_88' title='bbox 2227 1445 2657 1535; x_wconf 74' lang='lat' dir='ltr'>baptismatis</span> 
     </span>
     <span class='ocr_line' id='line_1_12' title="bbox 530 1544 2658 1641; baseline -0.003 -20"><span class='ocrx_word' id='word_1_89' title='bbox 530 1548 851 1621; x_wconf 84' lang='lat' dir='ltr'><strong>dederat.</strong></span> <span class='ocrx_word' id='word_1_90' title='bbox 952 1544 1283 1636; x_wconf 89' lang='lat' dir='ltr'>Denique</span> <span class='ocrx_word' id='word_1_91' title='bbox 1316 1545 1569 1618; x_wconf 71' lang='lat' dir='ltr'>leftum</span> <span class='ocrx_word' id='word_1_92' title='bbox 1617 1545 1715 1617; x_wconf 86' lang='lat' dir='ltr'>est</span> <span class='ocrx_word' id='word_1_93' title='bbox 1755 1547 2137 1618; x_wconf 81' lang='lat' dir='ltr'>alioloco:</span> <span class='ocrx_word' id='word_1_94' title='bbox 2189 1548 2366 1616; x_wconf 83' lang='lat' dir='ltr'>Nam</span> <span class='ocrx_word' id='word_1_95' title='bbox 2399 1545 2518 1641; x_wconf 61' lang='lat' dir='ltr'>ips&amp;</span> <span class='ocrx_word' id='word_1_96' title='bbox 2549 1567 2658 1614; x_wconf 82' lang='lat' dir='ltr'>m-</span> 
     </span>
     <span class='ocr_line' id='line_1_13' title="bbox 530 1644 2657 1740; baseline -0.001 -22"><span class='ocrx_word' id='word_1_97' title='bbox 530 1672 765 1718; x_wconf 79' lang='lat' dir='ltr'>mmem</span> <span class='ocrx_word' id='word_1_98' title='bbox 806 1649 1220 1739; x_wconf 74' lang='lat' dir='ltr'>baptizavit,</span> <span class='ocrx_word' id='word_1_99' title='bbox 1268 1644 1367 1733; x_wconf 81' lang='lat' dir='ltr'>sed</span> <span class='ocrx_word' id='word_1_100' title='bbox 1409 1645 1691 1740; x_wconf 65' lang='lat' dir='ltr'>desc-ipati</span> <span class='ocrx_word' id='word_1_101' title='bbox 1727 1651 1882 1739; x_wconf 78' lang='lat' dir='ltr'>ejus.</span> <span class='ocrx_word' id='word_1_102' title='bbox 1989 1645 2070 1718; x_wconf 84' lang='lat' dir='ltr'>ln</span> <span class='ocrx_word' id='word_1_103' title='bbox 2111 1646 2244 1717; x_wconf 73' lang='lat' dir='ltr'>hac</span> <span class='ocrx_word' id='word_1_104' title='bbox 2283 1666 2364 1716; x_wconf 82' lang='lat' dir='ltr'>re</span> <span class='ocrx_word' id='word_1_105' title='bbox 2403 1663 2657 1716; x_wconf 84' lang='lat' dir='ltr'>ornnes</span> 
     </span>
     <span class='ocr_line' id='line_1_14' title="bbox 532 1742 2659 1835; baseline -0.002 -17"><span class='ocrx_word' id='word_1_106' title='bbox 532 1745 854 1835; x_wconf 82' lang='lat' dir='ltr'>discipuli</span> <span class='ocrx_word' id='word_1_107' title='bbox 907 1745 1059 1835; x_wconf 85' lang='lat' dir='ltr'>ejus</span> <span class='ocrx_word' id='word_1_108' title='bbox 1114 1742 1393 1835; x_wconf 83' lang='lat' dir='ltr'>sumus,</span> <span class='ocrx_word' id='word_1_109' title='bbox 1446 1761 1527 1814; x_wconf 94' lang='lat' dir='ltr'>ut</span> <span class='ocrx_word' id='word_1_110' title='bbox 1574 1766 1708 1817; x_wconf 84' lang='lat' dir='ltr'>nos</span> <span class='ocrx_word' id='word_1_111' title='bbox 1756 1765 2182 1835; x_wconf 80' lang='lat' dir='ltr'>operemur,</span> <span class='ocrx_word' id='word_1_112' title='bbox 2235 1757 2318 1816; x_wconf 91' lang='lat' dir='ltr'>ut</span> <span class='ocrx_word' id='word_1_113' title='bbox 2351 1745 2469 1815; x_wconf 84' lang='lat' dir='ltr'>ille</span> <span class='ocrx_word' id='word_1_114' title='bbox 2505 1743 2659 1834; x_wconf 83' lang='lat' dir='ltr'>det,</span> 
     </span>
     <span class='ocr_line' id='line_1_15' title="bbox 534 1839 2664 1936; baseline -0 -22"><span class='ocrx_word' id='word_1_115' title='bbox 534 1847 657 1934; x_wconf 89' lang='lat' dir='ltr'>qui</span> <span class='ocrx_word' id='word_1_116' title='bbox 688 1841 807 1914; x_wconf 89' lang='lat' dir='ltr'>sed</span> <span class='ocrx_word' id='word_1_117' title='bbox 838 1843 1162 1915; x_wconf 83' lang='lat' dir='ltr'>daturum</span> <span class='ocrx_word' id='word_1_118' title='bbox 1198 1839 1337 1916; x_wconf 87' lang='lat' dir='ltr'>esse</span> <span class='ocrx_word' id='word_1_119' title='bbox 1369 1845 1674 1936; x_wconf 81' lang='lat' dir='ltr'>pomifit.</span> <span class='ocrx_word' id='word_1_120' title='bbox 1746 1841 1844 1916; x_wconf 84' lang='lat' dir='ltr'>Et</span> <span class='ocrx_word' id='word_1_121' title='bbox 1875 1859 2111 1917; x_wconf 77' lang='lat' dir='ltr'>tamen</span> <span class='ocrx_word' id='word_1_122' title='bbox 2148 1864 2305 1915; x_wconf 89' lang='lat' dir='ltr'>cum</span> <span class='ocrx_word' id='word_1_123' title='bbox 2343 1842 2664 1935; x_wconf 78' lang='lat' dir='ltr'>Joannes</span> 
     </span>
     <span class='ocr_line' id='line_1_16' title="bbox 531 1939 2667 2036; baseline -0.001 -20"><span class='ocrx_word' id='word_1_124' title='bbox 531 1941 813 2019; x_wconf 68' lang='lat' dir='ltr'>infinita</span> <span class='ocrx_word' id='word_1_125' title='bbox 852 1945 1067 2016; x_wconf 87' lang='lat' dir='ltr'>millia</span> <span class='ocrx_word' id='word_1_126' title='bbox 1104 1944 1471 2016; x_wconf 85' lang='lat' dir='ltr'>hominum</span> <span class='ocrx_word' id='word_1_127' title='bbox 1515 1947 1952 2036; x_wconf 79' lang='lat' dir='ltr'>baptizaret,</span> <span class='ocrx_word' id='word_1_128' title='bbox 2001 1945 2144 2035; x_wconf 84' lang='lat' dir='ltr'>jam</span> <span class='ocrx_word' id='word_1_129' title='bbox 2180 1939 2462 2026; x_wconf 80' lang='lat' dir='ltr'>Christo</span> <span class='ocrx_word' id='word_1_130' title='bbox 2489 1962 2667 2033; x_wconf 83' lang='lat' dir='ltr'>prae-</span> 
     </span>
     <span class='ocr_line' id='line_1_17' title="bbox 534 2041 2666 2134; baseline -0.001 -19"><span class='ocrx_word' id='word_1_131' title='bbox 534 2042 736 2115; x_wconf 83' lang='lat' dir='ltr'>sente</span> <span class='ocrx_word' id='word_1_132' title='bbox 767 2045 1197 2133; x_wconf 83' lang='lat' dir='ltr'>operabatur</span> <span class='ocrx_word' id='word_1_133' title='bbox 1228 2041 1517 2134; x_wconf 83' lang='lat' dir='ltr'>servus,</span> <span class='ocrx_word' id='word_1_134' title='bbox 1580 2043 1645 2113; x_wconf 73' lang='grc' dir='ltr'>δι</span> <span class='ocrx_word' id='word_1_135' title='bbox 1677 2047 1980 2114; x_wconf 83' lang='lat' dir='ltr'>vacabat</span> <span class='ocrx_word' id='word_1_136' title='bbox 2020 2043 2412 2122; x_wconf 82' lang='lat' dir='ltr'>Dominus,</span> <span class='ocrx_word' id='word_1_137' title='bbox 2466 2056 2666 2113; x_wconf 83' lang='lat' dir='ltr'>ante·</span> 
     </span>
     <span class='ocr_line' id='line_1_18' title="bbox 539 2139 2664 2233; baseline -0 -21"><span class='ocrx_word' id='word_1_138' title='bbox 539 2162 747 2233; x_wconf 81' lang='lat' dir='ltr'>quam</span> <span class='ocrx_word' id='word_1_139' title='bbox 796 2144 1205 2233; x_wconf 83' lang='lat' dir='ltr'>baptizandi</span> <span class='ocrx_word' id='word_1_140' title='bbox 1259 2144 1462 2215; x_wconf 70' lang='lat' dir='ltr'>daret</span> <span class='ocrx_word' id='word_1_141' title='bbox 1508 2142 1835 2216; x_wconf 81' lang='lat' dir='ltr'>formam.</span> <span class='ocrx_word' id='word_1_142' title='bbox 1938 2141 2298 2215; x_wconf 68' lang='lat' dir='ltr'>Perauum</span> <span class='ocrx_word' id='word_1_143' title='bbox 2351 2139 2451 2211; x_wconf 87' lang='lat' dir='ltr'>est</span> <span class='ocrx_word' id='word_1_144' title='bbox 2503 2161 2664 2211; x_wconf 81' lang='lat' dir='ltr'>non</span> 
     </span>
    </p>
   </div>
   <div class='ocr_carea' id='block_1_3' title="bbox 535 2236 2670 2830">
    <p class='ocr_par' dir='ltr' id='par_1_3' title="bbox 535 2236 2670 2834">
     <span class='ocr_line' id='line_1_19' title="bbox 539 2236 2668 2333; baseline -0.004 -17"><span class='ocrx_word' id='word_1_145' title='bbox 539 2241 905 2316; x_wconf 85' lang='lat' dir='ltr'>modicum</span> <span class='ocrx_word' id='word_1_146' title='bbox 949 2255 1231 2330; x_wconf 84' lang='lat' dir='ltr'>tempus</span> <span class='ocrx_word' id='word_1_147' title='bbox 1262 2294 1287 2333; x_wconf 85' lang='lat'><strong>‚</strong></span> <span class='ocrx_word' id='word_1_148' title='bbox 1357 2240 1571 2314; x_wconf 82' lang='lat' dir='ltr'>millia</span> <span class='ocrx_word' id='word_1_149' title='bbox 1615 2244 1983 2316; x_wconf 87' lang='lat' dir='ltr'>bominum</span> <span class='ocrx_word' id='word_1_150' title='bbox 2029 2245 2098 2314; x_wconf 86' lang='lat' dir='ltr'>in</span> <span class='ocrx_word' id='word_1_151' title='bbox 2141 2240 2556 2332; x_wconf 79' lang='lat' dir='ltr'>poenitentia</span> <span class='ocrx_word' id='word_1_152' title='bbox 2595 2236 2668 2310; x_wconf 72' lang='grc' dir='ltr'>δε</span> 
     </span>
     <span class='ocr_line' id='line_1_20' title="bbox 538 2334 2664 2435; baseline -0.001 -23"><span class='ocrx_word' id='word_1_153' title='bbox 538 2334 945 2413; x_wconf 82' lang='lat' dir='ltr'>remiffione</span> <span class='ocrx_word' id='word_1_154' title='bbox 976 2341 1189 2413; x_wconf 70' lang='lat' dir='ltr'>cineta</span> <span class='ocrx_word' id='word_1_155' title='bbox 1219 2339 1377 2414; x_wconf 87' lang='lat' dir='ltr'>sunt</span> <span class='ocrx_word' id='word_1_156' title='bbox 1403 2357 1892 2435; x_wconf 81' lang='lat' dir='ltr'>peccatorum.</span> <span class='ocrx_word' id='word_1_157' title='bbox 1994 2339 2130 2412; x_wconf 87' lang='lat' dir='ltr'>Sed</span> <span class='ocrx_word' id='word_1_158' title='bbox 2155 2359 2370 2414; x_wconf 88' lang='lat' dir='ltr'>nemo</span> <span class='ocrx_word' id='word_1_159' title='bbox 2405 2341 2664 2410; x_wconf 69' lang='lat' dir='ltr'>tinctus</span> 
     </span>
     <span class='ocr_line' id='line_1_21' title="bbox 535 2437 2668 2514; baseline -0.003 0"><span class='ocrx_word' id='word_1_160' title='bbox 535 2439 781 2514; x_wconf 85' lang='lat' dir='ltr'>fuerat</span> <span class='ocrx_word' id='word_1_161' title='bbox 816 2441 888 2509; x_wconf 88' lang='lat' dir='ltr'>in</span> <span class='ocrx_word' id='word_1_162' title='bbox 919 2437 1319 2513; x_wconf 83' lang='lat' dir='ltr'>Trinitate:</span> <span class='ocrx_word' id='word_1_163' title='bbox 1386 2461 1602 2514; x_wconf 82' lang='lat' dir='ltr'>nemo</span> <span class='ocrx_word' id='word_1_164' title='bbox 1651 2442 1880 2512; x_wconf 82' lang='lat' dir='ltr'>adhuc</span> <span class='ocrx_word' id='word_1_165' title='bbox 1907 2443 2240 2512; x_wconf 80' lang='lat' dir='ltr'>&#39;noverat</span> <span class='ocrx_word' id='word_1_166' title='bbox 2277 2437 2668 2511; x_wconf 82' lang='lat' dir='ltr'>Christum:</span> 
     </span>
     <span class='ocr_line' id='line_1_22' title="bbox 543 2538 2670 2632; baseline -0.001 -21"><span class='ocrx_word' id='word_1_167' title='bbox 543 2557 764 2612; x_wconf 85' lang='lat' dir='ltr'>nemo</span> <span class='ocrx_word' id='word_1_168' title='bbox 805 2539 1122 2611; x_wconf 81' lang='lat' dir='ltr'>audierat</span> <span class='ocrx_word' id='word_1_169' title='bbox 1161 2539 1301 2612; x_wconf 80' lang='lat' dir='ltr'>effe</span> <span class='ocrx_word' id='word_1_170' title='bbox 1331 2539 1668 2632; x_wconf 83' lang='lat' dir='ltr'>Spiritum</span> <span class='ocrx_word' id='word_1_171' title='bbox 1712 2539 2062 2614; x_wconf 67' lang='lat' dir='ltr'>Sanfium.</span> <span class='ocrx_word' id='word_1_172' title='bbox 2167 2538 2272 2610; x_wconf 89' lang='lat' dir='ltr'>At</span> <span class='ocrx_word' id='word_1_173' title='bbox 2307 2539 2434 2610; x_wconf 83' lang='lat' dir='ltr'>ubi</span> <span class='ocrx_word' id='word_1_174' title='bbox 2462 2539 2670 2609; x_wconf 86' lang='lat' dir='ltr'>venit</span> 
     </span>
     <span class='ocr_line' id='line_1_23' title="bbox 536 2637 2670 2733; baseline -0.001 -24"><span class='ocrx_word' id='word_1_175' title='bbox 536 2643 829 2728; x_wconf 80' lang='lat' dir='ltr'>tempus</span> <span class='ocrx_word' id='word_1_176' title='bbox 865 2639 1324 2728; x_wconf 81' lang='lat' dir='ltr'>plenitudinis</span> <span class='ocrx_word' id='word_1_177' title='bbox 1347 2645 1395 2731; x_wconf 77' lang='lat'>‚&#39;</span> <span class='ocrx_word' id='word_1_178' title='bbox 1428 2655 1640 2712; x_wconf 82' lang='lat' dir='ltr'>certo</span> <span class='ocrx_word' id='word_1_179' title='bbox 1679 2653 2010 2732; x_wconf 85' lang='lat' dir='ltr'>tempore</span> <span class='ocrx_word' id='word_1_180' title='bbox 2043 2637 2236 2712; x_wconf 87' lang='lat' dir='ltr'>dedit</span> <span class='ocrx_word' id='word_1_181' title='bbox 2275 2641 2462 2733; x_wconf 88' lang='lat' dir='ltr'>leges</span> <span class='ocrx_word' id='word_1_182' title='bbox 2497 2640 2670 2728; x_wconf 88' lang='lat' dir='ltr'>bap-</span> 
     </span>
     <span class='ocr_line' id='line_1_24' title="bbox 535 2734 2670 2830; baseline -0.001 -21"><span class='ocrx_word' id='word_1_183' title='bbox 535 2735 838 2809; x_wconf 84' lang='lat' dir='ltr'>·tismatis</span> <span class='ocrx_word' id='word_1_184' title='bbox 875 2734 1060 2810; x_wconf 85' lang='lat' dir='ltr'>filius</span> <span class='ocrx_word' id='word_1_185' title='bbox 1103 2738 1283 2830; x_wconf 85' lang='lat' dir='ltr'>Dei,</span> <span class='ocrx_word' id='word_1_186' title='bbox 1338 2741 1400 2810; x_wconf 86' lang='lat'>&amp;</span> <span class='ocrx_word' id='word_1_187' title='bbox 1439 2741 1638 2812; x_wconf 88' lang='lat' dir='ltr'>dedit</span> <span class='ocrx_word' id='word_1_188' title='bbox 1677 2740 1863 2812; x_wconf 84' lang='lat' dir='ltr'>viam</span> <span class='ocrx_word' id='word_1_189' title='bbox 1901 2759 2038 2828; x_wconf 81' lang='lat' dir='ltr'>qua</span> <span class='ocrx_word' id='word_1_190' title='bbox 2073 2741 2294 2810; x_wconf 87' lang='lat' dir='ltr'>iretur</span> <span class='ocrx_word' id='word_1_191' title='bbox 2334 2735 2420 2808; x_wconf 86' lang='lat' dir='ltr'>ad</span> <span class='ocrx_word' id='word_1_192' title='bbox 2449 2755 2670 2830; x_wconf 79' lang='lat' dir='ltr'>regna</span> 
     </span>
    </p>
   </div>
   <div class='ocr_carea' id='block_1_4' title="bbox 440 2838 2772 4272">
    <p class='ocr_par' dir='ltr' id='par_1_4' title="bbox 440 2838 2772 4272">
     <span class='ocr_line' id='line_1_25' title="bbox 440 2838 2772 4272; baseline 0 0"><span class='ocrx_word' id='word_1_193' title='bbox 440 2838 2772 4272; x_wconf 95' lang='lat' dir='ltr'> </span> 
     </span>
    </p>
   </div>
  </div>
 </body>
</html>
