3200 4784
333 427 403 478 xora
428 398 834 519 Donn'arsasntraa
856 399 1157 477 Hrsaoaran.
1209 423 1279 501 29³

225 588 263 637 re
289 561 487 658 Responsio
504 562 798 658 Catholicorum,
823 563 886 638 ubi
901 560 1275 641 excusantabsentian

313 663 467 737 suorum.
666 720 671 735 .

224 786 255 856 ⁷3
284 765 550 857 lnterlocutio,
565 775 617 839 „ut
632 765 801 838 venirent
819 782 957 839 ornnes.

224 887 259 953 ,4
286 863 360 935 Ubi
392 861 506 937 rursus
532 862 713 939 Catholici
745 864 867 937 turbas
898 882 975 937 non
1004 881 1098 957 opus
1123 861 1192 937 esse
1216 884 1272 939 re

310 962 498 1054 spondent.
648 1022 650 1027 .
739 982 742 989 ’

224 1080 257 1150 ¹5
285 1060 523 1137 lnterlocutio
548 1062 769 1162 cognitoris,
803 1073 924 1133 utrum
951 1062 1037 1135 loco
1061 1080 1139 1134 uno
1159 1060 1272 1139 essent

259 1159 429 1254 Episcopi
449 1160 651 1253 Catholici,
679 1164 738 1253 qui
757 1160 968 1235 dicebantur
985 1157 1160 1235 absentes.

224 1263 258 1329 6
284 1256 480 1352 Responsio
505 1263 805 1352 Catholicorurn,
837 1256 973 1333 nescire
994 1259 1056 1335 ubi
1079 1259 1169 1354 lint,
1200 1280 1270 1335 nec

307 1361 438 1433 debere
452 1384 577 1436 venire
591 1364 633 1435 ad
649 1361 856 1436 collationis
871 1362 1015 1453 locum,
1040 1360 1104 1435 nis
1118 1381 1205 1455 eos
1223 1360 1269 1434 de
1336 1402 1339 1407 -

309 1461 437 1549 quibus
453 1462 644 1537 dubitatur.

224 1575 255 1651 7
280 1557 356 1637 Ubr
383 1559 507 1641 dicunt
527 1560 750 1652 Donatistae,
784 1557 911 1652 quod
900 1568 1085 1655 impugnet
1110 1544 1145 1631 se
1172 1555 1267 1631 aslio
1332 1572 1336 1577 ·

308 1656 602 1735 Catholicorurn.
640 1658 845 1752 &instant,
869 1672 910 1731 ut
933 1676 1061 1732 omnes
1082 1652 1266 1731 Catholici

305 1760 476 1847 veniant,
505 1762 562 1852 qni
582 1758 866 1852 subscripserunt.

224 1860 254 1931 8
281 1853 352 1929 Ubi
364 1854 548 1931 Catholici
572 1861 763 1935 tumultum
779 1859 839 1931 vel
857 1854 1042 1949 strepitum
1058 1866 1204 1931 cavent.

223 1975 253 2047 ·9
281 1953 519 2031 lnterlocutio
537 1956 752 2033 confirmans
771 1956 927 2049 superius
947 1954 1048 2031 dista.

229 2077 252 2121 ο
279 2053 351 2127 Ubi
373 2056 498 2130 dicunt
521 2056 737 2152 Donatista,
764 2055 895 2131 frustra·
912 2054 1087 2149 conqueri
1102 2052 1263 2131 Catholi-

302 2174 366 2226 cos
387 2156 431 2228 de
449 2161 614 2233 tumultu.
690 2158 692 2165 '

232 2269 248 2319 1
276 2251 473 2346 Responsio
487 2256 772 2337 Catholicorum,
791 2256 889 2347 quod
907 2252 1009 2329 eausa
1024 2252 1101 2327 cito
1117 2274 1263 2349 perage-

301 2365 379 2446 tur,
397 2356 421 2428 s1
444 2356 639 2432 Donatistae
659 2359 844 2430 voluerint
861 2354 1086 2447 respondere.

230 2471 248 2519 2
275 2449 348 2525 Ubi
365 2457 490 2528 dicunt
505 2456 703 2534 Donatista
720 2452 887 2529 confiteri
906 2456 989 2589 illos
1005 2471 1087 2526 curn
1105 2451 1262 2524 tumultu

297 2568 486 2626 venturos.

225 2668 244 2738 3
272 2647 344 2720 Ubi
375 2650 610 2742 respondetur
634 2673 654 2723 a
678 2650 900 2745 Catholicis,
935 2666 1045 2743 quare
1069 2644 1262 2722 tumultum

299 2748 506 2824 formident.

224 2867 249 2931 4
274 2845 349 2915 Ubi
373 2848 496 2920 dicunt
523 2846 747 2940 Donatistae,
775 2847 838 2943 fi
825 2873 863 2917 m
882 2868 992 2944 paucos
1012 2846 1167 2917 tumultus
1180 2846 1262 2935 ficri

295 2967 362 3014 non
387 2947 547 3043 puell,
533 2975 571 3019 m
591 2951 703 3018 multos
727 2951 975 3047 quemadmodum
990 2949 1066 3039 ficri
1079 2942 1200 3047 potest?
1225 2946 1261 3019 &
1285 3010 1292 3025 .

297 3044 517 3138 respondent
534 3048 734 3139 Catholrc
765 3050 896 3145 Judica.
1340 3062 1349 3097 l

222 3160 242 3228 ς
270 3141 538 3239 lnterlocutio,
575 3149 673 3239 quod
696 3148 890 3224 multitudo
912 3146 1135 3223 sacerdotum
1149 3146 1257 3242 poliit

298 3245 459 3334 praestare
478 3248 663 3323 silentium.

223 3343 246 3411 6
272 3341 371 3412 Ubi
363 3357 491 3418 iterum
508 3347 708 3423 Donatistae
726 3350 873 3443 dicunt,
899 3368 1027 3424 omnes
1045 3347 1179 3422 debere
1196 3364 1259 3417 ve-

297 3444 385 3516 nire.

226 3561 244 3615 7
272 3539 535 3635 lnterlocutio,
560 3557 601 3617 ut
618 3546 661 3619 de
678 3569 750 3640 quo
768 3548 975 3638 dubitatur,
1001 3545 1138 3619 veniat.

225 3645 244 3715 8
270 3637 344 3713 Ubi
357 3642 487 3713 dicitur
505 3665 524 3714 a
540 3645 735 3721 Donatistis
752 3644 852 3721 causa
869 3648 1065 3738 tumultus,
1090 3642 1174 3735 ubi,
1196 3640 1258 3714 vel

297 3742 485 3827 quomedo
503 3741 669 3838 Episcopi
687 3747 826 3818 recitati
845 3758 987 3818 exeant.

222 3862 244 3934 9
273 3835 348 3910 Ubi
379 3839 607 3915 consentiunt
631 3844 831 3938 Catholici,
857 3843 954 3937 quod
975 3840 1190 3940 petebatur,
1214 3852 1257 3914 ut

296 3958 422 4015 omnes
439 3948 599 4020 veniant.

711 4066 822 4239 ¹'1⁸3
987 4136 992 4151 '
1077 4133 1245 4242 30be
