3200 4784
1300 429 1380 516 arti

259 603 265 666 ἶ
299 602 471 702 vixerit,
489 621 614 714 atque
633 598 684 684 de
703 597 782 685 suis
803 598 912 685 bene
927 603 1113 702 meritus,
1129 621 1313 687 mortem
1328 601 1374 692 δι

295 715 581 914 fosteritarem
610 742 687 798 nec
716 717 881 817 timeat,
913 741 991 801 nec
1019 711 1097 799 elle
1128 715 1239 802 triste
1266 713 1372 831 quid

314 830 714 940 unestumveputet.
1304 839 1314 848 '

264 1027 267 1036 ,
389 941 550 1028 Ibidem
575 970 761 1054 congrua
785 941 864 1028 loci
891 946 1036 1056 genio,
1070 941 1261 1056 &digna
1288 944 1368 1030 viri

258 1059 485 1174 immitis,
530 1084 665 1142 annua
703 1056 937 1141 solennitate
976 1055 1197 1168 parentalia
1235 1057 1366 1162 sacra,

259 1203 273 1282 t·
298 1193 384 1254 tota
402 1176 561 1256 civitate
577 1175 619 1255 in
643 1195 803 1283 partem
821 1174 1032 1275 veniente,
1064 1171 1163 1280 Spie
1196 1169 1264 1253 elii
1279 1172 1368 1258 Ma-

259 1283 263 1290 '
299 1284 425 1370 nibus
450 1286 556 1370 fiunt
581 1285 632 1370 ab
659 1288 820 1376 amicis,
852 1310 1038 1398 quotum
1058 1284 1140 1396 ipse
1157 1198 1365 1379 §elicium

260 1441 264 1508 3
299 1420 423 1508 atque
441 1426 559 1485 amor
577 1394 725 1484 fuerat.
785 1399 912 1504 Quae,
945 1400 988 1486 81
1015 1398 1147 1510 qualia
1169 1397 1256 1482 haec
1278 1398 1365 1499 fior,

259 1541 264 1568 ¹
299 1516 458 1625 quique
488 1512 686 1599 haclenus
711 1507 819 1596 festae
845 1509 971 1597 scenae
1003 1513 1170 1626 choragi
1197 1507 1365 1606 fuerint,

300 1624 455 1729 disces,
493 1627 521 1709 fi
548 1624 920 1713 Halberstadi'enses
947 1624 999 1710 de
1027 1626 1152 1712 rebus
1178 1624 1228 1710 ad
1253 1653 1366 1712 com·

257 1807 260 1834 ,
297 1767 472 1825 munem
508 1741 552 1826 81
580 1738 800 1852 publicam
834 1740 1052 1826 utilitatem
1086 1738 1364 1852 speciantibus

295 1857 619 1938 commentarios
647 1853 809 1968 legeris.
874 1853 994 1941 Talia
1020 1880 1134 1940 certo
1158 1853 1277 1955 sunt,
1314 1877 1364 1942 ut

294 1970 483 2077 optimus
501 1967 799 2080 quisque.&de
816 1969 975 2054 civibus
991 1969 1069 2054 suis
1087 1970 1362 2056 meritillimus

297 2080 391 2166 talia
414 2080 484 2164 nbi
501 2082 594 2192 post
608 2078 688 2166 fata
703 2081 790 2166 fieri
811 2088 1030 2195 optaverit:
1062 2110 1139 2168 nec
1157 2081 1293 2168 ullum
1316 2111 1363 2169 ea

295 2191 419 2308 egisse
435 2193 682 2305 poenituerit.
726 2193 848 2282 Facta
865 2222 1002 2282 autem
1019 2195 1111 2282 sunt
1130 2199 1259 2309 prima
1271 2200 1363 2284 vice

295 2310 444 2395 oc'tavo
460 2307 655 2395 Kalendas
671 2310 818 2422 Junias
835 2315 930 2395 anni
943 2311 1360 2397 MDCCLXXXVI.

337 2487 341 2492 -
377 2421 649 2508 Numismatis
668 2449 841 2537 quoque
861 2424 1068 2510 honorem
1083 2424 1138 2508 illi
1154 2423 1361 2509 adhucsu·

294 2539 471 2649 perstiti,
495 2564 576 2621 aerc
591 2536 740 2622 collato
762 2542 883 2623 amici
910 2537 1001 2624 sunt
1025 2542 1240 2649 impertiti.
1290 2533 1361 2621 Ef-

294 2651 438 2765 figiem
467 2649 558 2764 ejus
588 2677 681 2763 pars
711 2679 795 2737 una
823 2648 973 2757 refert,
1003 2650 1273 2740 honorificam
1301 2654 1362 2738 in·

294 2764 556 2881 scriptionem
573 2763 680 2854 hanc
698 2764 841 2851 altera:

544 3041 546 3046 ,
744 2946 914 3042 νικιτ

579 3102 795 3165 cunnus
841 3104 1078 3164 omnraus

507 3238 786 3326 annonam
828 3239 1148 3301 Monmunus
1230 3291 1233 3298 .

401 3463 405 3468 1
467 3357 503 3448 '2
807 3373 851 3434 s1

529 3505 1124 3596 v1T.tE‚NEc1soua

462 3603 465 3608 ¹
513 3601 518 3608 ⁵
675 3637 987 3704 ARBITRNJM

621 3771 789 3834 Panos
833 3773 1035 3835 ansscos

739 3904 914 3971 ossa‘r.

784 4116 812 4210 d
845 4145 867 4238 3
1172 4119 1335 4215 Eiram
